4696 6216
1151 742 1191 818 18

380 925 454 990 ioue
477 925 511 991 in
532 926 694 992 musculos
706 924 894 991 exhibeatur
916 924 1134 1011 phaenomena
1154 947 1253 1011 supra
1267 923 1432 1010 descripta
1445 921 1577 988 excitari
1591 939 1770 1005 aquamque
1792 914 1950 1003 quodam·

378 1065 475 1132 modo
496 1088 612 1132 nervos
633 1067 761 1133 omnino
782 1066 996 1154 negligentem
1017 1066 1111 1135 valde
1132 1068 1258 1134 irritare
1279 1065 1451 1132 musculos.

482 1210 597 1295 Neque
617 1218 723 1274 tamen
744 1207 961 1294 interpellatio
979 1233 1028 1304 me
1047 1211 1229 1298 praeteriit,
1266 1209 1319 1274 hic
1347 1229 1476 1293 quoque
1503 1227 1605 1290 aquae
1632 1205 1696 1268 vim
1717 1201 1810 1267 aliter
1829 1200 1906 1264 ferri
1927 1199 1959 1263 in

378 1373 548 1416 nervorum
570 1360 702 1415 truncos
724 1357 821 1434 atque
841 1351 875 1417 in
895 1375 1067 1420 nervormn
1087 1352 1166 1419 fines
1185 1349 1423 1439 periphericos,
1445 1347 1534 1432 quod
1555 1359 1659 1413 tamen
1682 1343 1771 1410 nullo
1793 1341 1889 1407 modo
1903 1339 1959 1405 de·

377 1493 548 1559 monstrari
568 1501 691 1579 potest,
713 1502 746 1559 et
764 1517 784 1559 a
803 1493 904 1580 priori
925 1519 944 1561 a
965 1496 1182 1564 versimilitate
1203 1492 1296 1559 valde
1317 1492 1478 1557 abhorret.
1520 1488 1585 1556 Res
1608 1488 1691 1555 enim
1711 1509 1787 1553 sane
1809 1487 1888 1552 mira
1909 1507 1959 1551 cs·

378 1645 444 1718 set,
466 1636 495 1717 si
514 1659 686 1702 nervorum
705 1636 842 1703 fibrillae
864 1637 931 1703 fere
951 1637 1088 1704 nudatae
1110 1650 1166 1705 aut
1186 1646 1273 1705 certe
1293 1636 1412 1724 vagina
1432 1643 1558 1700 tantum
1578 1631 1733 1696 cellulosa
1746 1625 1960 1693 circumdatae

379 1802 464 1865 aqua
484 1778 609 1845 tardius
631 1779 858 1864 difficiliusque
886 1790 1158 1848 commutarentur
1185 1805 1282 1867 quam
1313 1779 1386 1843 illae
1413 1799 1498 1862 quae
1515 1775 1566 1840 ·in
1596 1774 1741 1841 musculo
1770 1774 1842 1859 ipso
1864 1769 1959 1855 quasi

377 1922 584 1989 absconditae
606 1932 697 2006 sunt,
732 1923 778 1989 ita
799 1931 837 1988 ut
861 1946 946 2008 aqua
973 1924 1082 2008 quoad
1103 1948 1157 1991 eas
1179 1922 1362 2012 perveniret
1381 1921 1562 1987 musoudum
1594 1915 1829 2002 quodammodo
1862 1935 1960 2000 pene·

375 2073 461 2128 trare
484 2062 625 2130 deberet.

1082 2294 1091 2299 -
1108 2291 1260 2299 ——.-—-—-
1265 2291 1316 2298 .—

427 2534 582 2622 tunm
613 2531 755 2613 ration
780 2534 864 2615 illae
892 2559 984 2637 aqna
1010 2533 1177 2614 destilata
1208 2540 1423 2638 provocatae
1449 2528 1712 2636 aumatium
1739 2522 1911 2627 explicari

1070 2697 1243 2799 possuntt

482 2923 547 2989 Vix
574 2945 767 3008 quemquam
786 2922 908 3009 lingiet‚
929 2921 988 3006 qui
1008 2943 1093 3005 aqua
1112 2920 1276 2986 musculos
1293 2915 1413 2983 diutius
1434 2914 1610 3003 perfluente
1631 2925 1687 2983 aut
1707 2914 1861 2981 musculis
1875 2914 1908 2979 in
1922 2935 1961 2977 ca
2069 3008 2076 3020 ι

377 3064 499 3131 diutius
519 3038 722 3130 manentibus
744 3085 854 3128 eorum
873 3060 1014 3147 speciem
1033 3068 1189 3167 mutatam
1207 3059 1470 3143 consideraverit,
1491 3034 1673 3127 necessario
1687 3057 1852 3124 musculos
1867 3053 1961 3121 valde

377 3205 576 3274 commutari.
617 3206 749 3273 Etenim
772 3229 810 3273 ea
830 3203 1011 3269 musculum
1030 3213 1160 3270 externe
1181 3203 1400 3288 circumdans,
1428 3215 1484 3272 aut
1509 3206 1577 3290 ejus
1602 3226 1680 3269 vasa
1700 3204 1867 3291 capillaria
1886 3225 1960 3289 per·

376 3345 479 3415 fluens
507 3348 760 3415 endosmoticam
786 3344 948 3434 quandam
974 3346 1039 3411 vim
1059 3370 1133 3414 cum
1153 3345 1225 3432 ipso
1254 3345 1371 3411 habeat
1396 3367 1529 3411 necesse
1552 3343 1703 3429 ridetur,¹
1721 3368 1805 3430 quae
1826 3369 1866 3411 eo
1886 3369 1960 3432 gra·

377 3492 449 3556 vior
469 3497 537 3573 est,
560 3510 625 3574 quo
645 3492 748 3575 major
769 3490 1039 3556 concentrationis
1053 3485 1233 3553 differentia
1253 3495 1286 3552 et
1306 3487 1444 3573 liquoris
1457 3487 1566 3575 injecti
1580 3498 1613 3555 et
1626 3489 1844 3556 musculorum
1855 3488 1961 3575 liquo-

376 3631 440 3714 ris,
461 3654 501 3698 ao
521 3653 599 3697 sane
618 3630 773 3714 maxima,
795 3631 823 3696 si
844 3652 930 3717 aqua
950 3655 1036 3718 pura
1055 3631 1167 3698 utaris.
1207 3629 1338 3697 Etenim
1359 3632 1420 3697 hac
1440 3631 1632 3698 substantiis
1652 3631 1748 3698 valde
1769 3631 1962 3699 solubilibus

377 3772 433 3840 ille
444 3736 611 3860 privatum
623 3794 773 3860 aquaque
785 3794 825 3839 ex
837 3774 999 3840 contrario
1012 3775 1045 3839 in
1055 3775 1273 3841 musculorum
1284 3773 1496 3843 substantiam
1508 3771 1647 3859 quadarn
1665 3795 1704 3839 ex
1724 3782 1816 3859 parte
1829 3774 1962 3853 transit;

378 3915 616 4000 verisimileque
635 3913 765 3980 ridetur
792 3915 881 3982 rivos
909 3915 968 3982 bos
989 3914 1244 3998 endosmoticos,
1275 3916 1331 4001 qui
1359 3924 1399 3981 ut
1418 3917 1464 3982 ita
1490 3915 1594 3984 dicam
1616 3914 1887 3981 concentrationis
1908 3938 1962 3981 ae·

378 4054 566 4141 quilibrium
585 4053 669 4121 inter
689 4077 806 4142 aquam
827 4066 861 4123 et
883 4059 1046 4125 musculos
1074 4079 1252 4145 provocare
1272 4065 1405 4168 petuqt‚
1433 4076 1562 4124 causam
1589 4077 1660 4122 esse
1681 4056 1965 4122 commutationum

378 4197 620 4265 moleoularium
639 4220 678 4263 ao
697 4208 852 4264 motuum.

483 4339 600 4425 Neque
621 4340 729 4426 inepte
750 4340 880 4406 videtur
901 4362 1042 4426 censere,
1064 4342 1233 4430 sanguinis
1254 4363 1361 4408 serum
1380 4339 1491 4408 eadem
1506 4342 1769 4408 concentratione
1782 4363 1821 4408 ao
1833 4363 1963 4408 muson-

378 4482 482 4549 lorum
503 4481 661 4565 liquorem
684 4480 744 4564 uti,
767 4484 954 4569 nostrisque
973 4484 1199 4570 experimentis
1220 4482 1446 4565 intelleximus,
1469 4505 1535 4569 quo
1553 4483 1656 4572 magis
1677 4484 1785 4568 liquor
1799 4481 1963 4550 adhibitus

378 4623 466 4691 illam
487 4622 529 4689 ad
555 4624 850 4691 concentrationem
878 4635 1046 4712 aequaret,
1075 4649 1114 4693 eo
1141 4627 1265 4692 minora
1290 4625 1347 4690 illa
1373 4622 1594 4711 phaenomena
1618 4624 1740 4710 fuisse,
1767 4626 1964 4712 omninoque

379 4767 561 4835 desiderata
581 4788 652 4833 esse
673 4788 746 4831 sero
768 4768 934 4855 sanguinis
954 4767 1123 4855 perducto.
1166 4766 1403 4853 Experimentis
1424 4788 1502 4832 vcro
1522 4765 1752 4845 endosmoticis
1765 4778 1965 4855 compertum

379 4908 544 4992 habemus,
566 4929 681 4993 aquam
703 4931 723 4972 a
743 4906 869 4991 liquore
891 4897 993 4995 magis
1007 4907 1110 4974 diluto
1125 4905 1165 4972 ad
1180 4907 1282 4993 magia
1297 4916 1540 4975 concentratum
1553 4906 1765 4993 profluentem
1780 4909 1963 4996 multiplum
