4696 6216
1151 723 1190 800 14

381 911 470 978 dosis
490 929 574 973 nova
595 927 652 990 per
673 927 709 969 os
732 914 800 969 tum
821 905 939 992 injecta
959 905 1154 989 aliquamdiu
1176 905 1442 973 reflexibilitatem
1463 907 1563 989 anxit,
1585 917 1619 971 at
1636 907 1854 972 musculorum
1874 908 1959 974 actio

380 1054 505 1121 minime
528 1046 664 1113 alacrior
684 1046 770 1110 sacta
791 1057 856 1129 est,
879 1047 936 1112 sed
957 1048 1062 1112 minor
1082 1058 1158 1135 post
1172 1048 1283 1114 horam
1298 1050 1426 1115 omnino
1440 1050 1584 1128 evanuit3
1606 1071 1664 1113 nec
1675 1052 1741 1135 jam
1756 1049 1974 1135 vehementes·

380 1220 439 1263 nec
464 1195 552 1258 leves
584 1187 780 1252 irritationes
807 1189 992 1274 galvanicae
1021 1190 1089 1257 sive
1117 1217 1176 1280 per
1202 1191 1377 1258 medullam
1404 1191 1575 1278 spinalem,
1604 1191 1671 1257 sive
1699 1215 1757 1278 per
1789 1214 1957 1257 nervorum

379 1351 511 1404 truncos
543 1332 658 1398 missae
691 1329 891 1416 pulsationes
927 1332 1059 1397 cordum
1092 1333 1362 1421 lymphaticornm
1393 1335 1444 1399 vel
1475 1332 1693 1399 musculorum
1723 1334 1959 1400 contractiones

380 1478 570 1554 effecerunt,
598 1481 735 1554 anteque
756 1469 917 1538 dissectus
938 1474 978 1539 N.
1000 1474 1196 1540 ischiadicns
1219 1473 1330 1540 dexter
1352 1499 1453 1560 aeque
1474 1484 1570 1559 atque
1592 1474 1692 1558 alter,
1722 1477 1812 1560 cujus
1834 1440 1956 1542 'cohae-

378 1618 481 1685 rentia
503 1638 577 1681 cum
597 1613 737 1678 medulla
757 1638 821 1678 non
844 1616 972 1681 sublata
992 1631 1061 1682 erat
1081 1617 1209 1686 minime
1231 1616 1398 1681 excitatur.
1442 1612 1553 1697 Quum
1573 1628 1740 1703 praeterea
1760 1619 1877 1684 animal
1899 1644 1958 1686 nec

376 1758 597 1847 respirationis
611 1781 669 1822 nec
687 1756 908 1843 deglutitionis
924 1774 1030 1824 motus
1047 1759 1216 1845 praeberet
1228 1760 1300 1867 jure
1321 1755 1416 1843 plane
1429 1768 1589 1823 mortuum
1603 1758 1792 1842 habebatur,
1814 1761 1958 1844 quamvis

377 1903 531 1972 musculis
552 1899 719 1987 galvanice
741 1901 876 1966 irritatis
898 1903 1134 1966 contractiones
1155 1922 1220 1964 non
1244 1897 1402 1964 deessent.
1440 1898 1592 1965 Ceterum
1608 1923 1663 1965 cor
1679 1924 1809 1985 quoque
1827 1901 1958 1968 thorace

377 2056 489 2133 aperto
509 2043 659 2130 pulsabat
681 2044 909 2129 sanguinisque
931 2042 1097 2107 circulatio
1118 2044 1151 2107 in
1171 2043 1257 2108 vasis
1279 2038 1484 2124 capillaribus
1506 2041 1563 2106 diu
1585 2042 1852 2130 conspiciebatur.

481 2184 537 2252 Sic
560 2185 662 2271 igitur
683 2185 794 2270 negari
814 2185 928 2270 nequit
950 2187 1040 2251 nervi
1067 2195 1215 2248 truncum
1242 2192 1316 2247 ante
1338 2180 1513 2246 dissectum
1535 2206 1723 2269 venenoque
1746 2183 1957 2272 Strychnino,
2029 2235 2033 2242 -

379 2327 431 2392 vel
452 2324 606 2408 Coniino,
628 2325 679 2390 vel
698 2325 853 2390 Brucinio
875 2324 1020 2391 adhibito
1041 2325 1137 2411 longe
1159 2324 1282 2391 tardius
1305 2345 1400 2406 quam
1421 2345 1494 2387 cunr
1514 2324 1656 2390 medulla
1677 2327 1795 2412 spinali
1817 2352 1958 2394 commu-

379 2471 538 2534 nicantem
559 2464 786 2530 excitabilitate
808 2467 939 2552 privari,
963 2478 998 2532 ut
1021 2466 1249 2533 consumtionis
1271 2467 1374 2532 finalis
1394 2477 1539 2531 centrum
1560 2467 1655 2533 nimis
1678 2471 1850 2536 excitatum
1872 2471 1957 2537 haud

379 2611 510 2677 minima
530 2630 629 2674 causa
649 2605 794 2672 videatur
816 2629 902 2688 esse;
929 2633 1122 2695 quamquam
1142 2608 1336 2694 experiendo
1362 2617 1450 2674 certe
1472 2609 1638 2696 cognitum
1658 2610 1812 2680 habemus
1833 2624 1957 2680 tantum

381 2755 504 2836 abesse,
525 2762 620 2817 ntea
641 2749 791 2816 centralis
811 2748 950 2812 irritatio
970 2748 1067 2814 nimia
1087 2750 1158 2815 sola
1178 2750 1291 2816 mortis
1313 2752 1355 2816 sit
1378 2773 1475 2814 causa
1495 2749 1596 2830 nervi,
1619 2760 1656 2813 ut
1678 2753 1774 2818 etiam
1788 2778 1958 2820 nervorum

381 2895 488 2961 trunci
509 2919 529 2960 a
549 2893 690 2959 medulla
710 2891 826 2979 spinali
848 2890 979 2956 dissecti
993 2891 1147 2975 sanguine
1161 2915 1283 2956 veneno
1298 2889 1419 2954 imbuto
1435 2888 1556 2954 directe
1571 2902 1712 2974 pereant.
1750 2890 1841 2974 Quae
1860 2919 1958 2978 quum

384 3040 431 3104 ita
452 3037 517 3102 sint
536 3035 616 3100 nihil
637 3045 688 3099 est
708 3056 765 3098 cur
787 3031 924 3112 dubites,
946 3029 1022 3113 quin
1044 3029 1150 3094 nervis
1171 3053 1229 3116 per
1255 3040 1358 3097 totum
1381 3030 1560 3096 musculum
1579 3029 1732 3117 dispersis
1761 3059 1824 3100 non
1846 3036 1958 3102 eodem

381 3180 557 3247 moriantur
574 3186 725 3262 tempore.
760 3171 796 3240 si
817 3194 894 3237 vero
908 3170 1113 3236 nihilominus
1134 3171 1270 3234 musculi
1284 3171 1405 3238 directe
1423 3171 1542 3236 irritati
1556 3174 1801 3262 contrahuntur,
1824 3201 1961 3261 quornm

381 3321 489 3388 trunci
510 3341 681 3386 nervorum
702 3314 791 3381 nulla
812 3314 990 3378 irritatione
1010 3321 1187 3392 moventur,
1209 3311 1263 3376 vix
1276 3312 1405 3376 infitiari
1418 3312 1523 3397 possis
1538 3313 1819 3381 contractilitatem
1833 3342 1960 3384 muscu-

382 3465 486 3530 lorum
518 3481 587 3525 csse
618 3455 802 3521 facultatem
838 3454 944 3519 nervis
976 3453 1104 3539 quidem
1138 3454 1211 3520 vivo
1245 3453 1373 3519 animali
1401 3453 1638 3538 provocandam
1663 3456 1791 3523 minime
1817 3482 1893 3524 vero
1920 3485 1959 3525 ex

381 3604 488 3670 nervis
509 3596 750 3686 dependentem.
774 3653 788 3679 ,

485 3739 562 3823 Quo
584 3736 820 3822 exploraretur,
843 3761 918 3802 num
939 3739 1156 3805 musculorum
1184 3738 1274 3804 nervi
1295 3762 1541 3824 quoquoversus
1569 3739 1684 3806 directi
1707 3765 1815 3809 ornnes
1837 3745 1958 3810 Aethe-

381 3890 425 3954 ria
458 3882 653 3950 inhalatione
679 3877 939 3963 debilitarentur,
974 3881 1008 3946 id
1033 3876 1121 3966 quod
1154 3877 1283 3942 Harleaa
1316 3881 1449 3967 probat,
1485 3885 1616 3950 alterins
1649 3907 1746 3953 ranae
1781 3884 1957 3950 ischiadico

381 4032 527 4111 sinistro,
563 4023 695 4091 alterius
717 4025 915 4091 extremitate
943 4026 1120 4112 posteriore
1141 4045 1245 4108 usque
1273 4023 1315 4088 ad
1343 4046 1476 4090 nervum
1497 4024 1658 4110 dissecta,
1692 4028 1782 4113 ipsae
1803 4050 1959 4092 unacum

382 4195 519 4262 sagenae
539 4164 698 4256 particulo
720 4163 848 4231 aethere
869 4166 1051 4232 humectato
1078 4166 1113 4231 in
1139 4165 1284 4252 lagenam
1305 4164 1472 4250 epistomio
1507 4166 1648 4232 clausam
1683 4167 1838 4233 demissae
1874 4181 1958 4234 sunt.

382 4318 433 4381 Ac
453 4336 493 4378 ne
514 4332 631 4375 nervus
652 4309 734 4372 inter
754 4309 892 4374 aetheris
913 4307 1139 4373 inhalationem
1166 4305 1304 4370 nudatus
1327 4308 1536 4394 omnibusque
1564 4310 1791 4398 integumentis
1813 4335 1851 4376 ao
1872 4286 1959 4376 mns-¹

382 4457 462 4522 culis
483 4454 628 4541 privatas
649 4449 787 4515 motibus
808 4450 1003 4515 convulsivis
1032 4447 1177 4514 animalis
1209 4446 1302 4512 nimis
1331 4448 1604 4536 distorqueretur,
1635 4476 1714 4518 neve
1743 4451 1881 4517 aetheris
1903 4477 1957 4518 ex·

382 4598 542 4664 halatione
570 4593 692 4660 directa
712 4594 909 4677 afficeretur,
945 4616 1022 4658 rana
1045 4593 1079 4658 in
1106 4590 1192 4655 vasis
1220 4589 1321 4654 fundo
1348 4593 1453 4675 posita
1488 4595 1678 4679 reliquoque
1705 4594 1810 4680 spatio
1838 4615 1958 4679 sagena

381 4764 466 4827 aqua
486 4740 669 4805 humectata
691 4738 840 4825 impleto,
863 4736 1008 4823 partibus
1031 4734 1251 4821 superioribus
1273 4733 1396 4817 aliquot
1417 4733 1555 4801 aetheris
1568 4747 1679 4822 guttae
1694 4735 1956 4801 infundebantur.

380 4883 525 4948 Eventus
548 4882 835 4967 experimentorum
856 4880 902 4946 sic
923 4881 1144 4945 institutorum
1166 4887 1259 4942 erant
1279 4877 1344 4940 fere
1367 4874 1409 4940 hi.
