4696 6216
1126 776 1163 847 10

350 966 448 1026 quum
469 945 514 1009 ita
535 947 618 1013 siut.
640 951 770 1036 opinio,
791 976 830 1017 ex
851 977 918 1039 qua
937 957 1027 1020 nerri
1049 956 1101 1020 rel
1122 957 1259 1022 musculi
1280 958 1365 1020 inter
1385 959 1637 1042 experimentum
1649 956 1831 1020 mechanice
1845 978 1932 1020 com·

352 1088 471 1172 pressi,
495 1090 622 1155 illarum
642 1116 772 1158 causam
793 1117 880 1175 esse,
901 1118 1036 1180 prorsus
1058 1097 1196 1161 refutata
1216 1099 1354 1163 ridetur.

455 1235 637 1318 Antequam
667 1258 744 1299 rero
772 1259 877 1320 aquae
899 1236 1067 1303 destilatae
1093 1240 1157 1304 vim
1186 1241 1379 1327 deligentius
1406 1239 1615 1325 dispiciamus
1643 1239 1932 1325 phaenomenonnn

351 1371 451 1435 series
473 1373 536 1438 alia
558 1400 597 1441 ex
619 1394 711 1465 parte
736 1381 916 1445 illustretur
942 1403 1075 1446 neeesse
1089 1375 1162 1445 'est
1209 1384 1262 1445 Ac
1287 1382 1425 1467 primum
1450 1380 1582 1464 quidem
1610 1382 1792 1465 quaeritur,
1825 1394 1932 1445 utrum

304 1604 312 1616 ·
351 1538 481 1600 spasmo
506 1519 622 1585 similia
647 1521 704 1586 illa
728 1522 949 1608 phaenomena
979 1547 1174 1609 organorum
1201 1524 1390 1588 centralinm
1415 1524 1600 1610 systematis
1626 1525 1754 1588 nervosi
1790 1523 1932 1588 nondum

351 1662 490 1746 cognitis
512 1665 758 1745 mutationibus,
784 1689 825 1730 an
847 1690 1018 1730 nervorum
1039 1666 1161 1729 truncis
1182 1667 1316 1732 irritatis
1336 1680 1394 1731 aut
1415 1679 1578 1752 postremo
1596 1665 1845 1731 meletulanbus
1859 1665 1931 1748 qui·

350 1800 486 1867 busdam
514 1809 744 1874 mutationibus
775 1809 878 1894 ipsius
904 1807 1124 1873 musculorum
1150 1808 1303 1872 materiae
1330 1822 1513 1873 nascautur.
1557 1811 1608 1874 Ac
1628 1809 1777 1873 facillime
1801 1807 1932 1892 quidem

349 1946 567 2027 experimento
588 1952 700 2036 opinio
721 1953 824 2038 prima
843 1954 1016 2019 refutatur:
1044 1973 1109 2014 non
1136 1951 1243 2015 solum
1262 1953 1346 2016 enim
1366 1954 1473 2017 omnia
1498 1952 1555 2016 illa
1581 1951 1801 2037 phaenomena
1820 1945 1931 2009 eadem

348 2084 506 2170 eradunt,
527 2094 651 2157 truncis
671 2105 746 2157 ante
772 2095 1024 2179 experimentum
1044 2092 1196 2159 dissectis
1216 2095 1264 2158 ita
1283 2092 1429 2177 quidem,
1458 2107 1493 2160 ut
1514 2095 1664 2160 affimbus
1685 2091 1853 2176 sanguinis
1875 2114 1930 2153 ra·

347 2228 393 2289 sis
437 2244 606 2315 parcatur,
647 2258 757 2299 rerum
798 2259 839 2299 ne
873 2235 1006 2300 cerebro
1047 2234 1177 2319 quidem
1217 2257 1278 2300 nec
1313 2233 1455 2299 medulla
1496 2234 1612 2320 spinuli
1647 2255 1781 2319 prorsus
1815 2231 1931 2295 deletis

346 2387 555 2438 evanescunt.
609 2374 735 2441 Contra
776 2379 1013 2442 contractiones
1055 2398 1267 2460 quaecunque
1308 2378 1341 2440 in
1383 2377 1485 2442 altero
1526 2378 1628 2442 latere
1670 2375 1820 2439 desinunt
1861 2371 1929 2436 dis·

346 2513 445 2576 sectis
464 2513 712 2600 integumentis,
733 2520 907 2602 musculis,
929 2523 1033 2600 rasis,
1054 2519 1182 2584 ossibus
1201 2519 1274 2584 solo
1294 2543 1394 2584 nervo
1415 2519 1592 2585 ischiadico
1606 2517 1709 2583 salvo.
1751 2516 1850 2582 Unde
1870 2540 1928 2602 pa·

344 2665 408 2736 tet,
433 2660 723 2740 permutationibus
743 2682 938 2748 organorum
958 2660 1145 2724 centralium
1169 2662 1314 2726 fortuitis
1340 2674 1476 2747 propter
1496 2685 1613 2745 aquam
1633 2659 1843 2744 profluentem
1864 2682 1929 2722 non

344 2795 448 2859 solum
469 2796 584 2864 leviter
609 2801 754 2887 adjurari
786 2802 994 2888 experimenti
1025 2814 1195 2885 eventum,
1226 2827 1337 2867 rerum
1365 2803 1495 2868 omnino
1522 2801 1644 2866 nullius
1674 2803 1826 2865 momenti
1851 2800 1926 2863 illas

345 2958 414 3000 ωδε
435 2938 478 3002 ad
498 2963 628 3026 spasmo
648 2944 768 3008 similes
789 2944 861 3010 illas
885 2942 1120 3008 contractiones
1140 2944 1372 3028 provocandus.

448 3088 566 3171 Longe
589 3083 755 3149 difficilius
783 3085 885 3149 altera
912 3085 1071 3149 sententia
1099 3086 1304 3173 explauamr,
1331 3111 1527 3174 quamquam
1547 3091 1616 3173 jam
1642 3084 1810 3168 superiore
1830 3105 1928 3168 expe-

343 3230 449 3296 riendi
469 3230 595 3295 ratione
616 3240 817 3314 compertum
838 3227 992 3293 habemns
1016 3226 1141 3291 directa
1160 3229 1339 3292 irritatione
1362 3251 1536 3293 nervorum
1555 3227 1663 3291 trunci
1690 3226 1929 3289 contractiones

343 3395 408 3437 non
429 3371 518 3436 oriri.
560 3371 633 3437 Etsi
653 3394 754 3435 nervo
774 3367 951 3434 ischiadico
971 3392 1031 3453 per
1050 3371 1190 3456 spatium
1212 3369 1377 3433 minimum
1396 3367 1536 3447 nudato,
1557 3367 1605 3429 ita
1625 3387 1712 3446 vero,
1734 3376 1772 3428 ut
1792 3366 1927 3450 vaginae

341 3515 430 3579 illum
452 3509 665 3577 circumdanti
684 3521 838 3596 parcatur
857 3518 926 3573 tum
952 3511 1068 3575 ceteris
1088 3510 1183 3604 hujus
1196 3510 1408 3576 extremitatis
1422 3508 1570 3594 partibus
1582 3507 1752 3589 dissectis,
1773 3506 1825 3571 rel
1839 3509 1926 3572 rasis

340 3657 465 3742 magnis
485 3654 626 3741 ligatura
645 3649 786 3736 quadam
798 3649 971 3731 conclusis,
992 3653 1073 3716 satis
1086 3653 1117 3717 ei
1137 3675 1240 3736 aquae
1254 3653 1341 3717 rasis
1361 3675 1501 3740 superne
1522 3650 1652 3716 adeum
1666 3649 1926 3735 pervenientibus

341 3796 536 3884 impertitur,
557 3803 700 3858 attamen
719 3791 937 3857 musculorum
955 3792 1082 3856 minime
1103 3810 1324 3878 consequntur
1344 3801 1475 3881 spasmi.

444 3937 555 4002 Prima
574 3935 793 4022 experimenta
805 3957 878 3999 men
890 3956 1046 4021 persaepe
1067 3935 1100 3998 iu
1123 3934 1210 3999 ranis
1231 3936 1381 4000 instituta
1393 3950 1480 4017 sunt,
1502 3958 1585 4020 qnae
1599 3933 1767 3998 auctumni
1781 3945 1925 4020 tempore

341 4081 512 4170 perierant.
553 4078 671 4161 Neque
699 4077 869 4143 circulatio
897 4074 1060 4162 capillatis
1091 4078 1124 4139 in
1151 4077 1300 4162 corporis
1320 4078 1467 4162 partibus
1488 4077 1670 4162 perspicuis
1691 4076 1925 4160 inveniebatiu,

339 4247 400 4291 neo
419 4246 592 4288 nervorum
611 4223 718 4286 trunci
739 4222 808 4286 sive
830 4220 983 4302 chemiee,
1003 4219 1071 4283 sire
1092 4216 1275 4282 mechanico
1295 4219 1364 4283 sire
1385 4220 1534 4283 electrice
1559 4218 1691 4283 excitati
1704 4219 1924 4285 musculorum

340 4365 577 4433 contractiones
603 4365 800 4443 efficiebant3
828 4373 942 4449 aperto
969 4382 1046 4425 vero
1072 4358 1216 4424 thoracis
1237 4381 1318 4424 cavo
1349 4381 1489 4424 corneo
1510 4358 1717 4444 rQulariter,
1745 4385 1806 4427 nec
1828 4362 1923 4427 rehe-

340 4522 462 4574 menter
483 4506 743 4588 contrahebatur,
764 4508 843 4591 quin
863 4507 897 4569 in
916 4502 1109 4589 qmbusdam
1124 4503 1253 4608 cannino
1266 4526 1332 4566 non
1346 4502 1510 4586 pulsabat,
1533 4526 1726 4587 quamquam
1738 4504 1923 4571 mechanico

341 4652 391 4716 vel
412 4651 564 4715 electriee
588 4650 760 4715 excitatum
781 4648 824 4713 ad
852 4646 938 4713 solas
966 4644 1205 4710 contractiones
1234 4643 1355 4708 locales
1380 4646 1550 4710 ventriculi
1579 4658 1634 4710 aut
1661 4648 1817 4712 atriorum
1844 4670 1922 4712 oon·

341 4793 432 4858 citari
454 4804 590 4879 poterat.
634 4791 738 4859 Simili
765 4792 888 4855 ratione
916 4787 1052 4854 musculi
1078 4786 1191 4850 nudati
1221 4785 1346 4849 directa
1371 4784 1552 4850 irritatione
1572 4787 1646 4872 plns
1666 4789 1772 4852 minus
1792 4799 1921 4852 eontra·

340 4936 508 5001 bebantnr.
550 4937 602 5000 Ac
623 4936 692 5001 rivo
715 4958 774 5023 per
795 4932 873 4998 haec
894 4929 1043 4996 animalia
1068 4951 1170 5011 aquae
1198 4926 1367 4992 destilatae
1389 4927 1506 5007 ducto,
1535 4927 1636 4992 nihilo
1665 4929 1770 4993 nunus
1796 4929 1918 5014 spasmi
