4696 6216
1289 766 1309 838 6

505 972 592 1033 sum,
615 969 699 1032 quae
723 948 858 1012 maxima
877 968 915 1011 ex
936 954 1029 1032 parte
1051 944 1116 1011 diu'
1132 955 1207 1011 ante
1229 944 1392 1031 vulgatam
1406 944 1576 1009 Koelliken'
1594 945 1893 1010 commentationem
1913 944 2096 1033 observavit

506 1115 589 1177 quae
612 1102 718 1157 tamen
741 1113 805 1155 non
829 1090 934 1154 solum
956 1089 1044 1154 illam
1066 1087 1298 1154 confirmabunt
1319 1085 1376 1152 sed
1398 1087 1495 1152 etiam
1516 1108 1633 1152 novam
1654 1083 1816 1169 quandam
1837 1085 2022 1172 experiendi
2042 1108 2093 1150 ra-

504 1234 624 1299 tionem
645 1231 806 1317 aperient,
830 1253 929 1315 quae,
951 1240 987 1296 ut
1007 1254 1078 1297 mea
1098 1233 1165 1296 fert
1186 1231 1313 1318 opinio,
1341 1230 1443 1318 magis
1464 1252 1562 1314 quam
1583 1225 1692 1293 omnia
1712 1236 1807 1293 antea
1827 1229 2000 1295 observata
2021 1229 2093 1294 irri-

504 1375 673 1443 tabilitatis
697 1373 876 1440 doctrinam
902 1374 986 1439 tueri
1008 1373 1143 1460 possint.

795 1608 834 1691 ⁸
1152 1681 1464 1689 -————-—--——..

1090 1948 1333 2052 dipel-insuta
1359 1950 1520 2053 propria

609 2206 696 2289 Quia
725 2210 832 2274 omnia
858 2231 941 2294 quae
968 2210 1123 2277 musculis
1152 2207 1317 2274 irritandis
1351 2207 1507 2276 adhibeas
1539 2232 1710 2277 nervorum
1738 2231 1869 2295 quoque
1898 2210 2096 2276 irritamenta

504 2363 677 2440 apparent3
707 2352 897 2434 cuicumque
925 2351 966 2418 de
992 2354 1122 2418 illorum
1142 2349 1359 2417 irritabilitate
1387 2350 1784 2435 quaerentidifficultates
1805 2350 1892 2417 haud
1919 2373 1996 2417 sanc
2018 2373 2094 2416 con·

504 2493 696 2561 temnendae
718 2500 903 2559 occurrunt.
939 2489 1014 2570 Qua
1036 2493 1113 2559 dere
1134 2491 1262 2557 maximi
1283 2500 1353 2556 erat
1373 2493 1524 2557 momenti
1546 2502 1603 2558 aut
1623 2494 1707 2559 viam
1729 2493 1892 2579 quandam
1911 2491 2096 2581 experiendi

506 2636 692 2723 explorare,
714 2657 780 2719 qua
803 2636 856 2702 vel
876 2632 1015 2702 musculi
1036 2633 1098 2697 soli
1124 2632 1176 2697 vel
1198 2632 1261 2697 soli
1281 2632 1372 2698 nervi
1393 2635 1628 2720 excitarentur,
1656 2646 1713 2701 aut
1732 2647 1854 2702 statum
1880 2645 1948 2701 arte
1968 2657 2096 2723 parare,

506 2780 540 2843 in
559 2801 624 2863 quo
646 2778 737 2843 nervi
764 2787 958 2843 necarentur
984 2773 1139 2841 musculis
1167 2774 1247 2858 ipsis
1269 2775 1377 2840 salvis.
1419 2773 1535 2849 Altera
1562 2777 1688 2840 ratione
1717 2777 1784 2842 sere
1811 2800 1922 2842 omnes
1948 2784 2096 2842 auctores

497 2930 582 2987 'ante
602 2941 662 2986 nos
684 2918 902 2986 diffilcultates
923 2919 996 2985 illes
1017 2939 1180 2984 removere
1195 2915 1302 2979 conati
1324 2924 1414 2997 sunt,
1436 2923 1534 2998 atque
1549 2913 1661 2981 eadem
1678 2919 1805 2985 ratione
1820 2920 2001 2989 Bamlmrdi
2014 2939 2096 3001 quo-

511 3087 575 3148 que
597 3072 631 3127 et
643 3063 813 3126 Koellileri
833 3060 1061 3146 experimenta,
1083 3066 1120 3122 ut
1136 3059 1201 3142 jam
1223 3077 1323 3141 supra
1344 3056 1650 3143 demonstravimus,
1672 3083 1785 3127 revera
1806 3064 1872 3129 fere
1894 3058 2001 3125 omnia
2017 3060 2098 3145 reje-

509 3217 623 3274 cerunt
647 3203 828 3283 obstacula3
850 3225 924 3267 nam
944 3224 1010 3267 non
1030 3222 1136 3287 pauca
1157 3198 1250 3264 nobis
1272 3198 1480 3265 innotuerunt
1501 3226 1643 3285 venena,
1665 3201 1783 3283 quibus
1799 3203 1939 3286 primum
1952 3203 2099 3287 profecto

509 3347 728 3414 musculorum
748 3347 840 3411 nervi
861 3346 966 3412 solum
986 3342 1172 3407 imbuuntur
1190 3339 1323 3423 sineque
1344 3341 1565 3404 controversia
1577 3363 1598 3405 a
1611 3339 1795 3426 peripheria
1805 3340 1963 3423 delentur,
1985 3363 2097 3425 quam·

509 3491 557 3556 vis
583 3487 722 3555 musculi
748 3486 811 3571 ipsi
840 3485 1001 3571 integram
1030 3480 1242 3547 contrahendi
1266 3480 1452 3547 facultatem
1479 3482 1645 3547 etiamtum
1666 3483 1722 3547 diu
1743 3498 1882 3550 servent
1923 3483 1999 3569 Ego
2019 3507 2096 3550 vero

504 3612 542 3698 in
564 3627 838 3714 subsequentibus
859 3627 923 3691 alia
943 3646 1073 3710 quoque
1096 3624 1221 3690 ratione
1245 3645 1375 3690 eausam
1396 3621 1579 3710 diseedtare
1599 3646 1696 3710 posse
1715 3627 1794 3691 mihi
1814 3627 1936 3692 videor.
1968 3624 2096 3690 Etenim

508 3769 735 3858 experimentis
762 3767 932 3854 permultis
959 3774 1113 3831 mutatam
1140 3763 1358 3832 conditionem
1384 3765 1636 3834 endosmotieam
1661 3775 1695 3832 et
1724 3769 1945 3833 musculorum
1969 3778 2002 3832 et
2022 3791 2096 3834 san-

510 3912 619 4002 guinis
639 3932 791 3977 vasorum
814 3909 954 3974 contenti
985 3909 1193 3994 cognovimus
1223 3907 1289 3974 vim
1315 3910 1400 3993 quae
1427 3909 1521 3973 utin
1542 3908 1705 3974 musculos
1732 3909 1785 3975 vel
1805 3908 1979 3996 plurimum
2000 3910 2097 3992 valet,

519 4056 743 4121 itanervorum
757 4051 893 4117 fibrillas
907 4071 1042 4137 prorsus
1065 4033 1303 4132 quodammodo
1323 4049 1468 4138 negligit.
1499 4048 1615 4133 Neque
1636 4060 1811 4136 postquam
1832 4074 1851 4117 a
1871 4051 1982 4117 multis
2005 4052 2095 4117 dein·

512 4219 590 4285 ceps
611 4195 791 4283 quaesitum
820 4203 886 4275 est,
916 4213 1073 4275 quaenam
1094 4213 1198 4276 aquae
1221 4190 1392 4259 destilatae
1419 4213 1492 4255 cum
1512 4190 1620 4256 nervis
1640 4192 1684 4258 sit
1704 4192 1786 4258 ratio
1808 4191 1897 4258 aliud
1920 4193 2097 4279 quidquam

509 4340 585 4408 inde
607 4337 837 4417 intelleximus,
858 4334 920 4399 nisi
939 4332 1027 4398 illam
1048 4333 1098 4398 his
1120 4331 1297 4400 excitandis
1319 4343 1406 4399 reete
1426 4332 1573 4399 adhiberi
1595 4356 1661 4442 non
1682 4354 1791 4420 posse.
1824 4334 1897 4400 Etsi
1917 4335 2001 4400 enim
2023 4356 2096 4400 ner·

480 4552 486 4563 ,
513 4504 628 4549 vorum
649 4481 721 4545 aire
743 4499 802 4564 per
821 4484 930 4562 partes
952 4475 1145 4541 siccatorum
1166 4476 1377 4543 excitabilitas
1398 4498 1592 4542 evanescens
1613 4475 1742 4543 restitui
1762 4475 1890 4541 videtur
1911 4486 2017 4543 tamen
2038 4499 2099 4542 nec

510 4646 629 4692 nervus
653 4620 777 4709 ipsein
799 4640 915 4701 aquam
938 4615 1120 4684 destilatam
1146 4640 1270 4686 mersus
1293 4618 1468 4701 excitatur,
1496 4640 1556 4701 nee
1584 4620 1721 4684 musculi
1749 4619 1885 4685 adeum
1906 4619 2097 4706 pertinentis

512 4768 554 4834 ad
581 4764 817 4833 contractiones
845 4758 1064 4845 impelluntur.
1112 4759 1205 4842 Quae
1232 4784 1331 4846 quum
1359 4762 1406 4826 ita
1431 4762 1499 4827 siut
1525 4760 1741 4847 experimenta
1770 4761 1854 4826 infra
1883 4761 2098 4826 enumeranda

515 4932 575 4975 nos
598 4906 777 4987 docebunt,
804 4901 968 4968 musculos
1000 4923 1084 4987 aqua
1102 4901 1254 4969 destilata
1275 4901 1369 4968 valde
1390 4903 1526 4984 irritari,
1555 4900 1646 4988 quod
1671 4906 1740 4989 ejus
1761 4903 1905 4970 conditio
1926 4901 2097 4968 endosmo·
