4696 6216
1161 782 1198 860 21

387 963 537 1030 efficeret
579 965 695 1051 Aquae
723 964 828 1029 rivum
851 966 944 1032 culeo
971 967 1105 1033 elastico
1134 989 1207 1033 cum
1233 964 1439 1032 infundibulo
1473 964 1724 1031 communicante
1758 963 1887 1051 providi
1911 964 1969 1045 ita,

385 1115 423 1171 ut
442 1117 538 1172 antea
557 1107 757 1194 descriptum
777 1117 836 1173 est
878 1105 945 1175 Sed
966 1110 1018 1176 vel
1039 1108 1284 1178 difficultatibus
1306 1108 1552 1194 quibuscunque
1574 1107 1655 1172 satis
1678 1106 1849 1191 superatis,
1870 1104 1969 1172 semel

383 1257 509 1313 tantum
528 1272 607 1316 acus
631 1274 764 1337 parvam
789 1248 1022 1316 oscillationem
1049 1206 1307 1333 observaiimus,
1334 1272 1417 1334 quae
1445 1251 1538 1317 nobis
1567 1251 1628 1316 rivi
1655 1249 1799 1338 primarii
1826 1248 1969 1314 electrici

383 1389 633 1459 deminutionem
652 1392 685 1457 in
707 1384 932 1481 &aalma
948 1370 1169 1457 subactione
1184 1390 1304 1458 diutius
1325 1391 1457 1458 durana
1478 1392 1644 1478 aaronis
1666 1392 1793 1460 tamesi
1812 1388 1968 1476 manipn-

384 1542 494 1598 catore
512 1535 649 1602 maxime
669 1535 813 1602 sensibili
833 1533 971 1618 (31‚000
995 1533 1124 1598 filorum
1146 1534 1300 1621 circuitus
1326 1533 1520 1619 praebente)
1546 1558 1625 1601 usus
1652 1558 1732 1600 sum.
1781 1533 1838 1602 Sir
1867 1533 1968 1620 igitur

384 1676 602 1761 experimenta
621 1679 668 1745 ita
692 1677 837 1744 difficilia
861 1684 998 1763 propter
1024 1675 1261 1740 contractiones
1288 1674 1401 1742 breves
1429 1699 1506 1742 sane
1533 1679 1827 1764 exspectationibus
1853 1703 1968 1765 parum

383 1817 591 1904 respondent,
613 1832 651 1887 ut
673 1845 711 1886 ea
730 1820 881 1886 immitari
902 1819 1095 1904 vix‘operae
1116 1818 1159 1881 sit
1180 1818 1318 1902 pretium
1338 1821 1529 1905 praesertim
1549 1844 1650 1906 quum
1663 1820 1869 1908 Rheoscopio
1883 1820 1968 1908 phy·

383 1966 540 2053 siologico
574 1963 876 2051 (strompn'rfender
897 1959 1195 2041 Froschschenlrel)
1225 1970 1259 2025 et
1290 1960 1418 2025 facilius
1443 1970 1476 2026 et
1502 1961 1597 2050 longe
1624 1965 1744 2031 certius
1770 1964 1967 2036 mutationes

382 2110 531 2178 celeriter
552 2114 779 2174 evanescentes
801 2102 953 2189 cognosci
973 2102 1109 2189 possint
1156 2105 1208 2168 Ac
1235 2125 1301 2188 quo
1329 2127 1426 2170 ranae
1454 2127 1572 2171 nervus
1599 2114 1698 2190 atque
1717 2127 1795 2194 pes,
1819 2127 1883 2189 quo
1904 2126 1965 2190 pro

378 2226 584 2340 Rlieoscopio
618 2268 698 2311 usus
725 2267 813 2327 sum,
837 2244 877 2310 ab
909 2266 1011 2329 aquae
1038 2242 1208 2309 detinentis
1233 2242 1535 2330 vi‘defenderetur,
1570 2270 1610 2311 ex
1645 2244 1757 2331 digitis
1786 2268 1963 2334 suspensus

379 2406 429 2463 est
448 2418 549 2482 supra
569 2411 665 2460 ranae
686 2386 801 2474 pedem
822 2388 995 2471 nudatum,
1025 2387 1071 2453 ita
1100 2386 1231 2472 quidem
1260 2396 1298 2451 ut
1329 2391 1398 2475 ejus
1423 2390 1697 2475 gastrocnemium
1729 2387 1817 2453 illius
1843 2410 1963 2453 nervus

380 2547 454 2625 apte
474 2542 632 2621 tangeret.
662 2530 709 2596 Et
722 2530 755 2594 in
770 2530 820 2594 his
842 2528 1067 2615 experimentis
1088 2552 1172 2614 aqua
1193 2528 1343 2596 destilata
1363 2556 1423 2619 per
1439 2533 1566 2598 culeum
1587 2529 1755 2617 elasticum
1772 2528 1965 2616 profluebat,

373 2697 522 2761 ¹ranaque
536 2676 616 2761 ipsa
636 2674 715 2740 satis
731 2672 796 2738 fixa
815 2678 895 2737 erat
938 2667 1054 2754 ltaque
1075 2671 1194 2755 cuique
1216 2673 1430 2737 contractioni
1450 2672 1588 2738 musculi
1609 2694 1709 2737 nervo
1735 2671 1830 2754 tacti,
1859 2682 1965 2738 motus

368 2816 592 2885 secundarius
613 2813 700 2880 hand
719 2835 794 2879 raro
816 2810 1115 2877 vehementissimus
1136 2811 1230 2898 pedis
1256 2813 1406 2899 suspensi
1425 2813 1662 2901 respondebat,
1691 2813 1749 2898 qui
1775 2813 1965 2901 plerumque

380 2985 515 3029 nervum
535 2956 720 3045 impositum
741 2953 837 3038 longe
859 2953 983 3038 rejecit,
1003 2975 1135 3039 remque
1156 2954 1202 3018 ita
1223 2952 1401 3038 expedivit,
1428 2968 1466 3019 ut
1492 2957 1576 3021 idem
1603 2958 1793 3023 observator
1820 2965 1853 3022 et
1878 2979 1964 3021 mus-

382 3104 490 3169 culum
511 3100 569 3185 qui
589 3094 856 3177 contrahebatur,
883 3093 986 3160 oculis
1007 3093 1142 3177 intueri,
1169 3091 1271 3158 nihilo
1296 3095 1401 3160 minus
1428 3120 1505 3163 vero
1528 3097 1660 3164 alterius
1688 3120 1818 3182 quoque
1840 3108 1962 3161 motum

380 3242 605 3310 secundarium
626 3235 879 3302 animadvertere
897 3246 1011 3322 posset

483 3382 600 3468 Neque
621 3378 759 3460 ,difficile
783 3388 836 3444 est
862 3379 896 3444 in
916 3377 1138 3446 mammalibus
1158 3400 1288 3464 quoque
1310 3401 1395 3463 aqua
1412 3379 1564 3444 destilata
1585 3382 1703 3464 injecta
1723 3380 1962 3445 contractiones

377 3529 504 3595 efficere
530 3546 636 3609 neque
666 3546 733 3588 non
763 3519 861 3588 simili
896 3520 1021 3585 ratione
1052 3522 1191 3606 probare
1223 3519 1276 3586 hic
1302 3544 1430 3606 quoque
1457 3522 1543 3587 vires
1574 3519 1849 3584 electromotorias
1877 3521 1963 3582 inter

380 3669 632 3737 contractionem
666 3663 792 3731 mutari
840 3662 1074 3749 Experimenta
1107 3663 1153 3728 ita
1187 3686 1206 3727 a
1235 3686 1285 3727 me
1315 3663 1463 3729 instituta
1488 3671 1564 3730 sunt
1591 3670 1629 3724 ut
1656 3659 1815 3726 cuniculis
1845 3681 1959 3724 recens

382 3812 558 3876 intersectis
587 3830 704 3892 aquam
733 3803 915 3870 destilatam
946 3804 1074 3868 circiter
1102 3802 1144 3870 ad
1164 3803 1227 3871 32⁰
1246 3803 1285 3868 R
1306 3804 1492 3870 calefactam
1515 3801 1730 3884 infunderem,
1759 3800 1962 3866 simultamen

379 3953 590 4020 extremitatis
612 3950 745 4016 alterius
765 3945 956 4036 posterioris
977 3944 1142 4011 musculos
1165 3943 1303 4010 nudatos
1323 3968 1421 4031 nerpo
1438 3943 1620 4011 ischiadico
1634 3965 1731 4008 ranae
1748 3941 1961 4010 admoverem.

380 4092 455 4176 Quo
484 4095 570 4160 facto
598 4116 759 4180 quamque
785 4090 1040 4158 contractionem
1065 4111 1150 4172 aqua
1175 4085 1354 4173 perfluente
1378 4098 1590 4174 provocatam
1618 4083 1836 4150 musculorum
1870 4086 1960 4152 cuni-

378 4231 443 4298 culi
464 4230 517 4296 hic
538 4252 667 4319 qnoque
687 4244 793 4300 motus
814 4230 998 4299 secundarii
1019 4229 1161 4297 assecuti
1182 4238 1258 4294 sunt
1285 4226 1318 4291 in
1339 4249 1437 4292 ranae
1456 4227 1692 4313 gastrocnemio
1714 4226 1852 4311 aliisque
1874 4250 1960 4293 mus·

377 4377 459 4444 culis
479 4397 577 4442 ranae
598 4373 699 4463 pedis.
