4696 6216
1298 755 1321 830 4

513 931 632 999 sensim
658 931 912 1018 diffunderetur,
941 933 1000 1001 sed
1020 933 1131 1020 potius
1159 936 1343 1003 animalium
1369 946 1474 1002 totum
1495 958 1665 1003 nervorum
1687 948 1829 1025 systema
1854 960 1940 1005 noxa
1960 939 2100 1024 quadam

516 1092 582 1138 uno
611 1081 756 1162 tempore
783 1085 817 1142 et
847 1076 943 1142 modo
976 1079 1183 1145 afficiendum
1216 1079 1350 1145 curavit.
1399 1080 1577 1165 Postquam
1611 1079 1697 1146 enim
1729 1078 1884 1166 cognovit
1916 1081 2099 1146 animalium

516 1213 650 1301 spiritus
692 1215 844 1284 aetherici
875 1216 1127 1287 inhalationibus
1167 1221 1410 1287 interemtorum
1454 1244 1519 1288 non
1552 1223 1658 1288 solum
1701 1244 1818 1287 nervos
1850 1223 2099 1309 centripetentes

516 1365 550 1424 et
589 1380 761 1424 nervorum
808 1370 921 1428 centra
965 1360 1143 1448 exstingui,
1206 1385 1318 1429 verum
1366 1363 1463 1429 etiam
1514 1365 1661 1450 quamvis
1708 1361 1834 1428 tardius
1880 1363 2099 1429 musculorum

517 1521 632 1568 nervos
667 1503 793 1586 necari,
837 1504 870 1570 in
904 1503 1132 1593 experimentis
1167 1508 1235 1591 ejus
1269 1528 1289 1571 a
1328 1505 1487 1573 cuniculis
1520 1507 1632 1573 aether
1663 1504 1841 1589 inhalatur,
1875 1503 1980 1571 donec
2010 1506 2099 1572 rivus

516 1641 703 1729 galvanicus
725 1643 880 1714 inductus
902 1646 935 1712 in
957 1646 1176 1714 musculorum
1195 1669 1311 1713 nervos
1334 1644 1475 1712 nudatos
1491 1646 1726 1713 vim-exhibeat
1745 1624 1875 1711 nullam.
1918 1645 2002 1712 Tum
2021 1669 2099 1714 vero

515 1785 664 1852 cuniculo
687 1787 854 1876 sanguinis
876 1788 1048 1856 amissione
1069 1786 1232 1854 trucidato
1254 1810 1381 1875 semper
1403 1789 1624 1855 musculorum
1644 1787 1845 1854 irritatorum
1858 1790 2099 1857 contractiones

515 1927 708 1995 observarit.
750 1928 787 1997 Si
809 1929 862 1997 cui
883 1932 1101 2019 experimento
1124 1930 1269 1997 similiter
1289 1931 1391 2015 sacto,
1420 1941 1454 1998 at
1471 1945 1559 1999 certe
1580 1933 1784 1998 Harleaaa'ano
1807 1930 1969 1999 dubitatio
1990 1931 2098 1998 afferri
2158 1951 2161 1956 ·

513 2079 638 2157 potest,
667 2071 724 2156 qui
752 2072 827 2140 inde
848 2096 953 2160 aequo
974 2075 1070 2162 plura
1090 2070 1260 2141 conclusit
1304 2070 1341 2138 si
1362 2070 1493 2157 quidem
1521 2096 1561 2139 ex
1580 2075 1688 2143 nervis
1712 2074 1880 2142 motoricis
1900 2075 2001 2141 multo
2024 2087 2099 2162 post

512 2235 609 2297 quam
629 2214 719 2280 nervi
740 2216 909 2299 sensibiles
930 2237 1117 2304 organaque
1138 2214 1293 2280 neutralia
1318 2213 1529 2301 pereuntibus
1549 2215 1630 2281 satis
1656 2217 1872 2284 intelleximus
1899 2232 2098 2281 communem

513 2376 640 2440 noxam,
662 2358 808 2440 quamvis
830 2358 951 2444 ubique
973 2358 1121 2424 similiter
1142 2354 1261 2423 diffusa
1287 2356 1348 2442 sit,
1375 2366 1483 2423 tamen
1509 2380 1569 2424 nec
1596 2359 1710 2426 eodem
1736 2370 1883 2446 tempore
1910 2379 1970 2422 nec
2000 2355 2097 2421 modo

511 2506 617 2564 toturn
637 2519 812 2564 nervorum
833 2507 974 2586 systema
995 2498 1233 2587 periphericum
1258 2499 1401 2580 afficere3
1433 2500 1523 2566 nulla
1546 2501 1648 2588 igitur
1660 2476 1812 2590 prohibet
1828 2521 1897 2584 res,
1923 2496 2097 2584 quominus

510 2639 564 2707 hic
585 2661 715 2726 quoque
736 2637 901 2706 interitum
921 2639 1018 2706 nobis
1039 2640 1319 2727 centrifugientem
1340 2639 1472 2709 obvium
1491 2628 1576 2711 esse⁰
1584 2645 1787 2727 arbitremur,
1809 2644 1856 2708 ita
1874 2650 1912 2706 ut
1925 2660 2098 2704 nervorum

509 2783 618 2850 nunu
645 2803 723 2850 sana
745 2783 813 2870 jam
838 2802 953 2869 segnes
979 2801 1050 2848 esse
1078 2780 1220 2867 possint,
1251 2783 1399 2865 quamvis
1421 2804 1596 2847 nervorum
1626 2782 1727 2849 fibrae
1759 2803 1818 2869 per
1846 2779 1985 2846 musculi
2018 2776 2096 2844 sub·

511 2924 663 2993 eundem
691 2922 828 2991 diffusae
860 2922 957 2989 etiam
991 2934 1069 2990 tuuc
1093 2919 1268 2988 irritabiles
1295 2922 1373 2988 sint.
1419 2923 1594 2989 Praeterea
1621 2946 1722 3010 quum
1753 2922 1891 2989 musculi
1925 2943 2097 2986 nervorum

501 3077 646 3135 'mortem
669 3088 734 3133 nou
755 3075 823 3133 tam
845 3074 959 3133 canuc
978 3085 1118 3130 nervoso
1139 3085 1235 3147 quam
1251 3044 1424 3151 hnrgmni,
1445 3063 1617 3133 obnoxiam
1637 3088 1709 3134 esse
1723 3066 1854 3132 Harleca
1868 3065 2096 3153 experimentis

508 3231 573 3277 non
593 3206 781 3296 probaverit
800 3205 882 3273 nihil
902 3214 965 3288 est,
986 3226 1043 3271 cur
1067 3207 1136 3293 ejus
1157 3203 1382 3272 conclusiones
1402 3205 1633 3274 audacissimus
1655 3208 1842 3275 habeamus.

611 3351 797 3437 Antequam
818 3371 897 3416 varo
919 3348 974 3414 via
996 3349 1037 3416 ab
1059 3346 1220 3413 Hcalcaar'o
1246 3348 1373 3413 munita
1391 3345 1620 3412 irritabilitatis
1642 3346 1864 3429 quaestionem
1885 3345 2017 3431 gravius
2039 3366 2094 3409 co-

506 3492 695 3581 piosiusque
721 3489 861 3579 adjuvit,
887 3488 935 3555 ita
955 3489 1145 3577 perturbata
1169 3501 1236 3574 est,
1269 3498 1306 3555 ut
1333 3488 1368 3554 in
1393 3498 1558 3555 aeternum
1585 3487 1716 3556 sublata
1740 3487 1915 3554 videretur.
1964 3484 2093 3552 Etenim

505 3635 638 3701 Elbcrd
648 3638 684 3715 ¹²)
706 3656 808 3721 quum
827 3655 887 3721 per
907 3631 999 3699 nervi
1015 3641 1141 3719 partem
1161 3630 1253 3698 rivus
1270 3629 1458 3717 galvauicus
1480 3643 1632 3701 consuas
1648 3629 1798 3716 ducatru,
1820 3629 1881 3696 sub
1898 3628 1997 3695 certis
2014 3650 2093 3695 con·

505 3774 684 3845 ditionibus
705 3799 770 3845 non
792 3775 898 3845 solum
918 3773 991 3841 aliis
1012 3772 1220 3840 irritamentis
1242 3772 1293 3840 vel
1315 3772 1478 3858 chemicis,
1499 3772 1551 3840 vel
1571 3772 1768 3841 mechanicis
1789 3772 1841 3838 vel
1861 3769 2001 3856 denique
2021 3771 2093 3858 gal·

505 3915 628 3984 runicis
641 3939 706 3984 non
722 3919 845 3986 moveri
857 3917 977 4002 nervis,
991 3937 1104 3983 verum
1117 3916 1214 3983 etiam
1230 3914 1456 3983 uolutionem
1473 3912 1571 3999 hujus
1589 3915 1681 3981 nervi
1700 3912 1922 3980 musculorum
1935 3912 2093 3981 directam

505 4060 634 4127 omnino
655 4059 735 4127 nihil
755 4059 864 4128 valere
884 4057 1127 4142 demonstravit,
1145 4057 1167 4124 i.
1189 4078 1218 4123 a.
1243 4078 1378 4123 nervum
1403 4064 1493 4122 statu
1512 4041 1744 4122 electrotonico
1764 4054 1925 4140 affectum,
1958 4059 2091 4144 ejusque

503 4200 667 4269 musculos
682 4200 879 4289 paralyticos
891 4220 972 4267 esse
994 4192 1089 4281 Quae
1102 4206 1208 4265 umen
1222 4196 1275 4266 lex
1288 4197 1428 4287 permira
1441 4219 1541 4284 quum
1552 4199 1619 4284 jam
1632 4197 1779 4262 micet
1796 4208 1867 4263 tum
1879 4199 2037 4284 Pfluqari
2048 4199 2090 4282 ¹⁸)

606 4535 639 4604 ιἲ)
660 4539 735 4593 ttae
752 4557 779 4593 u.
800 4540 923 4607 &huffen
940 4539 1091 4592 zeitschrllt
1109 4539 1153 4592 hir
1171 4540 1310 4593 rationalia
1327 4539 1453 4592 liadlaln.
1472 4537 1524 4591 Bd.
1543 4538 1598 4591 111.
1617 4538 1654 4594 N.
1672 4539 1705 4592 Ρ.
1721 4540 1751 4592 S.
1772 4541 1823 4592 198
1835 4539 1922 4591 and.
1934 4540 2015 4591 VIII.
2026 4540 2088 4591 343.

659 4632 788 4684 eaturc:
805 4629 928 4698 Bcltrigc
946 4647 991 4683 sur
1011 4633 1154 4684 hwomla
1171 4630 1226 4683 und
1244 4630 1424 4698 Phyriologla.
1443 4631 1510 4682 licit
1528 4629 1552 4682 1.
1571 4646 1632 4698 pag.
1651 4633 1685 4683 25
1704 4631 1732 4682 ff.

607 4717 640 4786 ¹⁸)
660 4724 785 4790 imm
803 4722 868 4774 ibor
885 4721 929 4773 dle
945 4721 1029 4773 durch
1048 4730 1188 4774 conamur
1205 4723 1294 4773 alceir.
1314 4721 1420 4774 Staium
1437 4731 1559 4787 eracugtc
1576 4720 1769 4789 Verinderang
1787 4722 1835 4773 der
1851 4732 1949 4774 motor.
1969 4721 2084 4773 Narseo.

501 4816 546 4881 (ln
563 4814 678 4868 Poscere
696 4814 818 4865 modicia.
838 4814 1082 4879 contrat-lutona)
1103 4815 1178 4866 itte.
1198 4814 1252 4877 (tt.
1272 4810 1348 4864 Min
1365 4829 1392 4864 a.
1413 4813 1454 4864 16.
1474 4813 1552 4876 lull.)

605 4907 690 4960 uate
707 4905 757 4959 cu
775 4905 1134 4973 llcmmunacuerrourycrcm
1152 4903 1197 4956 tir
1215 4904 1408 4970 perlutalttacba
1426 4900 1579 4969 Bowagong
1597 4903 1644 4954 dar
1662 4900 1805 4956 amana
1823 4903 1914 4955 Berlin
1935 4905 2012 4954 1851.
