4696 6216
248 1814 527 1899 ”erationibus
560 1844 613 1899 ac·
633 1820 721 1917 riis,
758 1820 889 1923 quilius
916 1822 1034 1901 adhue
1064 1800 1138 1900 sint
1170 1821 1226 1901 usi
1253 1822 1297 1901 tle
1322 1823 1567 1903 musculorum
1592 1820 1842 1901 irritabilitate

936 1990 1160 2084 quaerentes.

352 2183 534 2317 interjecto
554 2233 656 2299 seculi
678 2236 786 2321 spatio
807 2234 848 2301 de
869 2234 1089 2302 musculorum
1110 2231 1328 2299 irritabilitate
1351 2232 1592 2297 controversiae
1614 2231 1654 2296 ab
1677 2231 1805 2296 Haltero
1816 2238 1841 2309 ¹)

250 2382 427 2438 commotae
449 2373 592 2439 nondum
615 2378 814 2463 compositae
841 2384 930 2460 sunt,
959 2397 1063 2459 neque
1087 2374 1186 2459 euim,
1217 2374 1365 2459 quamvis
1388 2372 1487 2439 dubia
1507 2370 1693 2437 iamdudum
1708 2393 1842 2457 prorsus

250 2512 380 2578 sublata
407 2526 594 2598 remotaque
623 2515 792 2599 ridentur,
821 2518 909 2581 illam
929 2516 1135 2581 verisimilem
1149 2515 1281 2603 quidem
1301 2517 1419 2581 factam
1438 2522 1552 2579 nostra
1568 2524 1692 2597 aetate,
1713 2514 1842 2580 minime

251 2675 329 2718 vero
350 2652 391 2718 ad
415 2653 574 2738 liquidum
596 2656 794 2741 exploratam
815 2679 887 2722 esse
908 2656 1126 2723 infitiabimur.
1153 2658 1270 2742 Neque
1291 2665 1357 2721 tam
1372 2654 1527 2729 Haterio,
1549 2677 1645 2739 quam
1660 2655 1841 2731 Fontanao

218 2864 224 2877 ‚
250 2794 307 2879 qui
342 2795 463 2882 primus
495 2795 749 2881 experimentum
782 2795 946 2879 quoddam
979 2809 1111 2865 nostrae
1142 2770 1323 2895 lquaestioni
1359 2799 1537 2862 inserviens
1575 2794 1702 2882 prodit,
1743 2806 1840 2880 atque

250 2946 417 3020 praeterea
439 2938 657 3020 Soemnmriny,
680 2938 842 3024 Nym),
865 2940 920 3006 alii
937 2944 994 3027 qui
1015 2942 1112 3028 hujus
1128 2932 1319 3025 disciplinae
1338 2938 1525 3004 defensores
1541 2937 1734 3003 exstiterunt
1756 2940 1841 3003 anti·

251 3076 397 3160 quissimi
420 3100 459 3141 ex
480 3101 653 3142 nervorum
676 3081 904 3146 excitabilitate
926 3083 1113 3165 deficiente,
1141 3090 1312 3165 autequam
1340 3079 1560 3145 musculorum
1588 3079 1710 3144 directe
1734 3078 1842 3143 irrita-

251 3228 357 3283 torum
377 3218 515 3284 facultas
538 3222 769 3286 contractiouis
791 3225 970 3305 evanuerit,
995 3247 1091 3308 quam
1112 3224 1231 3311 partim
1249 3223 1285 3287 iu
1306 3220 1489 3286 homiuibus
1504 3219 1704 3306 paralyticis,
1726 3221 1843 3305 partim

251 3382 423 3426 nervorum
450 3362 573 3426 truncis
603 3359 753 3427 dissectis
778 3364 811 3426 in
840 3364 1030 3431 animalibus
1059 3336 1278 3447 obaer'v'arint,
1310 3360 1526 3444 concludunt,
1561 3384 1631 3426 eam
1656 3385 1715 3449 per
1744 3363 1842 3427 vitam

251 3503 359 3567 nervia
381 3512 471 3569 certo
494 3504 659 3570 conciliari
681 3527 789 3592 posse,
811 3505 869 3571 sed
886 3529 943 3592 per
959 3529 993 3571 se
1008 3506 1196 3574 facultatem
1211 3528 1293 3589 esse,
1315 3525 1399 3589 quae
1414 3500 1455 3565 ad
1470 3503 1646 3584 musculos,
1670 3529 1843 3572 nervorum

253 3646 377 3711 ratione
408 3645 519 3711 habita
552 3647 657 3730 nulla,
691 3649 868 3733 pertineat,
897 3649 975 3733 quin
1002 3671 1113 3714 eorum
1140 3647 1352 3715 irritationem
1379 3644 1632 3729 haudquaquam
1661 3648 1744 3712 viam
1772 3670 1843 3714 esse

252 3785 395 3869 unicam,
427 3809 492 3871 qua
517 3790 656 3855 musculi
677 3789 718 3854 ad
740 3790 914 3873 actionem,
936 3813 1020 3874 quae
1042 3791 1074 3855 in
1096 3792 1176 3878 ipsis
1197 3791 1290 3872 insit,
1322 3786 1462 3874 impelli,
1485 3810 1542 3852 seu
1563 3787 1685 3852 irritari
1706 3789 1842 3873 possint.

252 3925 321 3994 Ubi
348 3952 425 3995 vcro
451 3931 617 4017 cognitum
644 3942 712 4015 est,
746 3933 841 3996 etiam
869 3955 925 3996 cor
952 3956 1087 4018 prorsus
1121 3957 1160 3998 ex
1188 3954 1362 3998 nervorum
1392 3928 1621 4011 sollieitatione
1649 3929 1842 4014 dependere,

254 4070 375 4155 quippe
395 4071 495 4157 quod,
518 4084 555 4139 ut
570 4078 692 4160 Sca-ipa
712 4076 835 4163 primus
853 4072 995 4140 ostendit
1016 4073 1136 4141 multos
1151 4079 1313 4142 contineat
1327 4093 1456 4155 uerros,
1477 4071 1601 4135 Halteri
1613 4070 1844 4137 adminiculum

252 4209 477 4294 gravissimum
498 4218 571 4302 (eor
592 4218 743 4285 nimirum
764 4215 816 4280 vel
837 4215 966 4300 corpori
994 4216 1135 4281 excisum
1163 4219 1317 4284 continuo
1340 4213 1548 4293 contrahens)
1572 4213 1635 4278 rim
1657 4236 1748 4280 suam
1769 4236 1843 4300 per-

245 4350 347 4435 didit,
367 4357 552 4440 nostrisque
580 4357 711 4443 diebus,
739 4357 876 4422 obnoxia
898 4379 1027 4441 quoque
1048 4358 1106 4423 illa
1125 4360 1233 4425 nervis
1254 4357 1440 4423 conditione
1461 4356 1680 4444 experimento
1701 4352 1843 4439 cognita,

361 4672 384 4735 1)
403 4675 505 4729 Heller:
524 4679 592 4730 deux
607 4682 745 4731 memoires
764 4696 809 4730 sur
827 4681 864 4730 les
883 4682 981 4746 parties
1000 4685 1126 4734 senaibles
1144 4694 1169 4734 et
1188 4687 1328 4736 irritables.
1366 4688 1509 4740 Lausanne
1530 4690 1606 4738 1756.

359 4762 383 4829 ²)
402 4768 524 4820 Foatoaa:
547 4771 770 4837 Beobachtungen
792 4773 847 4823 und
864 4773 1000 4823 t'ersuehe
1024 4774 1088 4824 uber
1112 4776 1155 4825 die
1178 4776 1265 4826 Natur
1289 4777 1335 4826 der
1358 4778 1516 4832 thierischeu
1540 4779 1652 4846 Kdrper.
1689 4771 1844 4823 Utbssrssffli

256 4874 308 4909 rou
326 4859 502 4926 llebenatreit.
540 4862 569 4913 S.
590 4866 633 4916 74.
652 4881 677 4913 u.
698 4864 741 4914 75.
1591 4882 1594 4886 ’

359 4944 483 5023 ³)rergl.
503 4954 529 5005 J.
549 4955 654 5007 Miller.-
672 4956 821 5007 Haudbueh
840 4957 886 5007 der
904 4957 1084 5024 Physiologie.
1106 4962 1182 5010 1840.
1202 4958 1254 5011 Bd.
1274 4960 1312 5011 11.
1332 4980 1358 5028 p.
1378 4964 1411 5013 37
1431 4964 1461 5014 ii.

1495 5072 1508 5119 l

891 5382 1063 5525 7³74]
