4696 6216
1154 791 1192 868 17

489 948 595 1014 Alteri
621 950 858 1017 extremitatum
883 951 1026 1039 ejusdem
1059 976 1195 1042 magnae
1225 955 1413 1041 validaeque
1447 979 1545 1024 ranae
1577 958 1795 1045 integumento
1820 951 1966 1018 detracto

385 1069 595 1176 conjectaque
621 1091 656 1156 in
681 1091 834 1178 patellam
859 1094 994 1161 vitream
1020 1118 1106 1183 aqua
1134 1097 1286 1166 destilata
1305 1097 1395 1164 soliti
1420 1097 1538 1165 caloris
1564 1098 1743 1185 impletam3
1776 1091 1967 1160 brevissimo

384 1239 527 1317 tempore
549 1234 788 1299 contractiones
814 1235 1036 1304 musculorum
1061 1238 1205 1325 proxime
1234 1251 1321 1326 a'qua
1346 1249 1506 1308 tactorum
1538 1248 1729 1307 consecutae
1756 1245 1850 1320 sunt,
1884 1256 1968 1320 quse

382 1396 468 1439 mox.
486 1372 659 1440 debiliores
686 1375 787 1459 fiunt,
815 1386 885 1442 tum
913 1401 1047 1465 prorsus
1075 1380 1248 1469 effugiunt,
1276 1385 1334 1450 ubi
1359 1383 1496 1472 rigidam
1523 1383 1613 1449 illam
1639 1392 1737 1468 atque
1756 1377 1968 1468 hydropicam

279 1574 282 1580 .
383 1513 525 1599 speciem
545 1515 755 1582 obtinuerant
775 1519 931 1604 musculi,
953 1524 1046 1608 cujus
1063 1523 1131 1607 jaun
1151 1525 1280 1610 saepius
1298 1526 1493 1591 mentionem
1518 1523 1662 1590 fecimus,
1714 1521 1818 1589 Iidem
1843 1520 1873 1586 si
1899 1518 1966 1586 sole

346 1656 354 1677 ⁸
383 1655 572 1739 coquinario
593 1656 844 1746 insperguntur,
865 1661 894 1727 is
916 1684 1001 1747 aqua
1028 1662 1103 1731 illos
1123 1664 1247 1753 privat,
1273 1666 1384 1753 itaque
1404 1668 1522 1733 iterum
1541 1666 1681 1753 pristina
1699 1667 1808 1753 specie
1834 1674 1966 1751 recepta

382 1799 586 1866 vehementer
607 1800 880 1869 contrahebantur
901 1808 981 1885 (nec
1001 1806 1125 1874 directa
1145 1809 1222 1877 salia
1242 1811 1291 1877 vis
1316 1809 1351 1874 in
1371 1810 1459 1875 ranis
1480 1832 1603 1875 veneno
1623 1808 1804 1879 interiectis
1830 1808 1873 1876 ad
1891 1831 1965 1874 ner-

382 1969 495 2013 vorum
514 1953 649 2009 truncos
677 1944 856 2030 quidquam
883 1947 1029 2032 valebat,
1061 1974 1162 2037 quum
1184 1955 1250 2040 jam
1274 1955 1309 2018 in
1335 1974 1409 2017 eum
1435 1950 1660 2040 pervenissent
1683 1959 1819 2035 statum,
1845 1949 1967 2033 inquo

382 2095 462 2181 ipsis
484 2090 536 2155 usi
557 2087 698 2170 sumus).
749 2087 868 2156 Denuo
897 2114 975 2157 vero
1001 2091 1276 2160 vehementissime
1308 2093 1579 2160 contrahebantur
1602 2092 1741 2159 musculi
1767 2088 1835 2157 sale
1852 2084 1966 2170 coqui-

382 2237 488 2315 nario,
525 2230 699 2315 incipiente
725 2231 945 2298 musculorum
975 2243 1130 2319 tremore,
1166 2237 1313 2303 celeriter
1340 2237 1470 2321 abluto,
1504 2245 1764 2324 praeparatoque
1795 2233 1912 2296 iterum
1931 2227 1967 2292 in

381 2401 496 2465 aquam
518 2370 700 2439 destilatam
721 2373 840 2459 posito.
881 2375 939 2444 Sic
960 2345 1218 2446 samsolutione
1239 2404 1312 2446 cum
1333 2404 1418 2466 aqua
1439 2377 1590 2444 destilata
1610 2376 1739 2463 saepius
1759 2381 1965 2455 commutata,

381 2525 496 2587 iterum
513 2526 611 2600 atque
625 2515 740 2579 iterum
762 2516 796 2579 in
808 2516 1000 2584 animalibus
1022 2519 1281 2593 irritabilioribus
1302 2545 1341 2588 ac
1363 2519 1480 2587 viridis
1500 2516 1631 2584 eosdem
1652 2515 1809 2602 consequi
1829 2523 1964 2581 eventus

379 2664 497 2753 possis.
541 2654 650 2737 Quum
671 2656 854 2722 extremitas
876 2660 1038 2745 posterior
1066 2661 1286 2749 integumento
1313 2661 1459 2727 detracto
1484 2660 1519 2723 in
1540 2682 1626 2745 aqua
1645 2659 1714 2726 sale
1734 2657 1837 2724 libera
1857 2655 1966 2742 posita

381 2818 479 2891 atque
500 2796 637 2866 musculi
662 2798 883 2884 superficiales
914 2799 1085 2889 hydropici
1112 2802 1406 2888 (contractionibus
1426 2801 1550 2886 finitis)
1583 2801 1701 2867 resecti
1722 2768 1853 2884 essentp
1884 2797 1964 2864 infe·

380 2951 483 3015 riores
503 2939 642 3009 musculi
663 2951 743 3004 tunc
763 2964 851 3025 aqua
870 2943 950 3008 tacti
970 2944 1067 3010 simili
1087 2946 1212 3010 ratione
1233 2943 1449 3031 agitabantur.
1496 2943 1580 3010 Item
1602 2944 1742 3011 musculi
1761 2937 1965 3031 recensdis-

379 3088 483 3177 juncti
496 3095 552 3149 aut
566 3078 627 3144 toti
642 3087 699 3141 aut
712 3101 770 3164 per
784 3085 946 3188 portes'in
960 3107 1077 3168 aquam
1090 3085 1274 3193 destilatam
1293 3087 1391 3172 positi
1410 3084 1649 3151 contractiones
1665 3062 1964 3151 ‘vehementissimae

382 3229 524 3297 efficiunt
537 3219 746 3305 tensioneque
761 3243 872 3288 eornm
882 3224 979 3291 solita
992 3226 1160 3292 deficiente
1175 3236 1282 3292 motus
1293 3229 1423 3315 permiri
1435 3227 1476 3290 'in
1494 3225 1534 3292 iis
1556 3227 1810 3312 conspiciuntur.
1857 3216 1963 3300 Quam

381 3370 422 3436 ad
437 3391 504 3433 rem
518 3360 743 3451 perficiendam
757 3386 853 3448 quam
866 3367 1030 3434 musculus
1043 3366 1222 3451 Smtorius,
1234 3378 1298 3432 tam
1309 3368 1436 3432 omnino
1450 3369 1588 3432 musonii
1600 3371 1707 3434 minus
1719 3363 1821 3434 crassi
1830 3360 1964 3427 maxime

379 3509 487 3577 idonei
508 3515 585 3573 sunt
611 3529 714 3591 aquae
746 3506 980 3576 circumfluenti
1000 3533 1149 3597 magnam
1175 3508 1364 3597 praebentes
1397 3504 1608 3592 superficiem.
1663 3503 1819 3591 Ejusdem
1852 3525 1962 3580 ranae,

382 3656 472 3739 eujus
500 3648 603 3713 altera
627 3651 812 3715 extremitas
841 3661 915 3716 cute
935 3650 1081 3718 detracta
1099 3654 1133 3717 in
1152 3676 1237 3737 aqua
1258 3650 1408 3716 destilata
1427 3652 1600 3717 observata
1618 3655 1679 3730 est,
1701 3648 1734 3712 in
1745 3646 1847 3712 altero
1862 3642 1962 3707 latere

380 3794 501 3861 nudata
515 3790 605 3856 nervi
620 3790 786 3857 ischiadici
796 3804 889 3879 parte
903 3793 983 3859 satis
996 3793 1095 3882 longa
1113 3796 1374 3876 extremitateque
1394 3813 1413 3855 a
1427 3813 1563 3874 corpore
1580 3760 1773 3882 sejunctaet
1790 3810 1828 3852 ex
1845 3782 1963 3873 pedum

379 3940 491 4027 digitis
503 3955 670 4021 suspensa,
685 3942 774 3997 totus
796 3956 914 3999 nervus
928 3933 1035 4019 quoad
1046 3932 1187 3999 nudatus
1200 3943 1269 3997 erat
1282 3959 1367 4020 aqua
1379 3959 1463 4021 pura
1476 3932 1616 3998 imbutus
1630 3941 1689 3997 est.
1711 3927 1804 4011 Quae
1819 3951 1892 3995 cum
1906 3949 1962 3990 cu·

378 4082 558 4148 biculorum
579 4075 686 4140 calore
700 4074 796 4140 solito
810 4078 979 4193 utebaturg
985 4088 1118 4143 eventus
1132 4073 1412 4159 haudquamquam
1424 4083 1494 4139 erat
1503 4073 1715 4158 conspicuus:
1726 4069 1879 4135 videlicet
1889 4088 1962 4131 ner·

379 4247 439 4290 tus
459 4222 576 4287 sensim
590 4217 745 4281 emoritur
767 4220 907 4304 speciem
928 4241 1057 4304 quoque
1077 4216 1234 4304 praebens
1256 4216 1351 4281 valde
1375 4227 1531 4283 mutatam
1559 4224 1672 4281 notum
1694 4226 1761 4297 est,
1781 4233 1842 4278 nec
1855 4220 1961 4274 tamen

381 4369 464 4430 vitae
482 4363 609 4447 signum
631 4359 662 4422 in
676 4360 830 4425 musculis
851 4384 924 4425 cum
939 4363 1011 4446 ipso
1030 4357 1273 4424 cohaerentibus
1291 4357 1565 4424 animadvertitur.
1587 4360 1669 4424 Post
1686 4353 1963 4444 refrigerationem

380 4531 456 4574 vero
474 4503 562 4579 haud
581 4503 774 4570 mediocrem
789 4505 841 4570 vel
854 4527 958 4590 aquae
972 4514 1190 4590 temperatura
1211 4512 1305 4569 aucta
1326 4502 1579 4586 contractiones,
1601 4525 1667 4567 non
1687 4513 1753 4567 tam
1774 4520 1878 4584 aquae
1897 4494 1961 4581 ipsi

380 4674 476 4736 quam
500 4656 734 4734 temperaturae
756 4656 968 4712 commutatae
990 4646 1179 4714 tribuendas
1203 4666 1391 4735 persuasum
1412 4643 1576 4710 habemus.
1603 4642 1733 4726 Quibus
1754 4666 1795 4708 ex
1814 4637 1961 4705 omnibus

379 4807 477 4873 recte,
499 4792 631 4878 opinor,
654 4789 858 4856 concluditur
879 4811 981 4872 atinae
1003 4787 1171 4856 destilatae
1193 4790 1315 4855 directa
1337 4789 1386 4871 vi,
1415 4811 1498 4873 quae
1520 4789 1589 4854 sine
1610 4808 1783 4853 nervorum
1803 4783 1960 4846 interces-

1686 4934 1702 4982 3
