4696 6216
1011 787 1050 863 19

234 997 305 1042 esse
337 974 431 1056 salis,
469 975 526 1058 qui
559 951 687 1039 inverso
713 971 826 1037 ordine
851 981 943 1036 meat
986 971 1038 1035 Ao
1057 971 1085 1033 si
1107 970 1186 1036 nihil
1208 980 1275 1052 est,
1304 991 1363 1034 our
1389 971 1422 1034 in
1450 967 1570 1033 nostris
1590 966 1817 1054 experimentis

236 1139 300 1183 non
324 1114 408 1181 idem
429 1125 626 1196 statuamus,
650 1118 717 1201 jam
745 1135 830 1198 aqua
856 1113 948 1201 plure
972 1096 1103 1200 recepta
1122 1114 1219 1179 etiam
1247 1117 1348 1200 major
1374 1111 1604 1178 molecularum
1631 1107 1817 1174 volubilitas

237 1269 383 1347 apparet.
418 1254 512 1338 Quae
533 1279 632 1341 quoni
654 1255 700 1321 ita
722 1256 798 1338 sint,
819 1254 873 1321 hic
893 1257 975 1322 satis
995 1278 1110 1322 causae
1132 1279 1202 1325 esse
1222 1257 1361 1340 videtur,
1384 1278 1442 1320 cur
1462 1254 1587 1320 diutius
1601 1250 1819 1317 musculorum

238 1400 477 1468 contractiones
491 1397 668 1463 rideantur
688 1419 775 1482 aqua
795 1396 947 1464 destilata
967 1422 1024 1466 eos
1049 1401 1237 1488 perfluente,
1259 1422 1357 1486 quam
1370 1397 1587 1465 solutionibus
1601 1389 1820 1460 concontratis

238 1544 376 1634 injectis,
397 1553 430 1608 et
451 1563 510 1606 cur
530 1540 592 1605 hae
610 1539 720 1626 potius
741 1539 919 1607 solutiones
942 1541 1097 1626 efficiant,
1119 1555 1156 1609 ut
1176 1541 1313 1608 musculi
1335 1543 1433 1608 semel
1451 1543 1592 1608 breviter
1610 1535 1821 1617 celeriterque

240 1687 399 1754 contracti
420 1693 451 1749 et
474 1682 571 1770 rigidi
593 1691 626 1747 et
645 1682 824 1750 immobiles
844 1683 1030 1751 reddantur.
1072 1684 1158 1752 Nam
1182 1686 1360 1752 solutiones
1387 1693 1612 1750 concentratae
1642 1676 1823 1746 musculum
1889 1750 1895 1758 ι

240 1855 326 1917 aqua
346 1830 475 1916 privent
497 1824 856 1911 itaquemolccularum
877 1827 1110 1893 volubilitatem
1132 1831 1291 1893 coercent
1334 1827 1402 1894 Ubi
1422 1828 1588 1894 musculus
1608 1833 1684 1910 post
1698 1822 1823 1908 experi-

158 2034 161 2045 .
240 1973 339 2041 menti
360 1969 603 2037 diuturnitatem
626 1967 815 2034 substantiis
844 1970 1064 2036 functionibus
1091 1971 1283 2038 necessariis
1312 1973 1459 2058 privatus
1480 1978 1547 2051 est,
1569 1967 1724 2034 emoritur
1745 1986 1822 2029 con·

241 2121 391 2203 trahique
414 2114 532 2180 desinit
554 2135 638 2196 aqua
660 2109 848 2197 perfluente,
868 2125 924 2178 aut
944 2113 1016 2178 aliis
1039 2114 1246 2179 irritamentis
1268 2112 1448 2200 agentibus.
1482 2111 1557 2178 «lam
1577 2112 1716 2198 primum
1737 2104 1824 2178 haud

241 2285 356 2350 pamm
382 2256 489 2346 perdit
519 2254 624 2320 salum
655 2251 856 2336 solubilium,
891 2278 1028 2341 quorum
1061 2257 1208 2324 chlorata
1237 2257 1271 2320 in
1293 2279 1378 2340 aqua
1404 2253 1563 2320 defluente
1598 2251 1692 2318 facile
1722 2247 1825 2314 videri

240 2391 395 2494 possunt,
421 2401 525 2464 minor
551 2418 628 2461 vero
646 2394 738 2459 initio
763 2394 894 2479 quidem
915 2401 1011 2486 eopia
1031 2399 1063 2464 in
1084 2399 1141 2466 illa
1160 2397 1411 2464 substantiarum
1431 2375 1721 2483 proteinacearum,
1744 2411 1827 2473 quae

242 2559 350 2614 tamen
369 2556 485 2631 postea
505 2539 638 2605 uberius
660 2537 811 2604 evadunt
854 2541 1027 2606 Praeterea
1047 2562 1122 2628 pars
1143 2541 1341 2608 substantiae
1362 2540 1586 2628 proteinacese
1598 2531 1827 2612 musculorum,

244 2692 370 2776 liquore
390 2683 525 2751 nutritio
545 2678 765 2748 museadorum
785 2683 921 2765 solutae,
943 2681 1009 2747 sale
1035 2693 1158 2749 remoto
1181 2686 1214 2748 iu
1235 2686 1369 2750 formam
1389 2704 1454 2746 non
1474 2678 1615 2745 solutam
1634 2673 1828 2754 traducitur,

244 2843 280 2898 ut
297 2835 363 2918 jam
383 2828 462 2893 satis
488 2834 612 2907 notum,
633 2843 699 2907 quo
719 2822 768 2906 iit,
790 2833 827 2887 ut
848 2828 1066 2891 musculorum
1088 2827 1270 2892 substantia
1291 2826 1496 2892 obdurescat.
1540 2817 1597 2886 Sic
1618 2819 1720 2906 igitur
1740 2836 1827 2881 mus·

244 2975 388 3042 culorum
421 2976 525 3033 status
557 2963 794 3049 quodammodo
826 2966 1026 3055 hydropicus
1056 2990 1128 3034 cum
1159 2969 1394 3056 cougrdntionis
1429 2961 1659 3052 phoenomenis
1693 2955 1830 3024 musculi

244 3113 343 3200 rigidi
366 3105 590 3194 conjungitur,
617 3103 736 3188 quibus
757 3127 829 3170 eum
854 3109 1118 3196 perspicuitatem
1141 3129 1272 3193 quoque
1299 3108 1333 3173 in
1359 3105 1559 3193 praeparatis
1586 3097 1829 3185 microscopicis

245 3253 380 3343 perdere
399 3246 620 3332 intelligimus.

350 3393 460 3460 Etiam
480 3389 596 3456 salium
616 3387 794 3454 solutiones
815 3369 979 3458 saturatae
1001 3393 1199 3461 substantias
1220 3393 1414 3481 proteinioas
1432 3407 1478 3453 ‘ex
1499 3391 1645 3474 ipsorum
1671 3387 1832 3455 solutione

248 3507 418 3607 removere¹
432 3542 582 3623 possunt,
602 3542 640 3596 ut
660 3531 761 3618 igitur
781 3544 838 3599 aut
858 3536 955 3630 plane
976 3546 1033 3601 aut
1053 3535 1289 3621 quodammodo
1316 3556 1383 3599 non
1403 3533 1529 3600 solutae
1551 3536 1745 3617 appareaut3
1772 3518 1833 3587 nec

248 3690 355 3744 tamen
378 3675 432 3740 hic
459 3673 635 3760 disceptari
661 3686 770 3760 potest
797 3687 907 3742 utrum
935 3677 1006 3744 sola
1032 3702 1118 3764 aqua
1145 3695 1283 3761 remota,
1315 3700 1357 3743 an
1384 3676 1482 3741 etiam
1511 3673 1588 3740 salis
1613 3670 1663 3734 vis
1691 3665 1835 3733 chemica

249 3818 333 3886 illud
354 3817 482 3884 efficiat
523 3820 571 3883 At
600 3827 723 3920 eertum
749 3817 878 3884 videtur
906 3822 1125 3888 musculorum
1157 3821 1370 3904 substantiam
1397 3817 1593 3882 solutionum
1619 3821 1835 3878 saturatanrm

250 3968 282 4030 vi
304 3963 535 4031 condensatsm
556 3959 600 4024 ad
621 3959 757 4025 similem
777 3963 983 4048 rejiciendam
1004 3985 1076 4029 esse
1099 3985 1236 4029 oausam.

358 4107 471 4172 Altera
506 4124 583 4167 vero
609 4124 648 4167 ex
677 4114 770 4188 parte
798 4106 963 4190 celeritas,
999 4129 1065 4192 qua
1091 4106 1165 4171 illae
1193 4104 1410 4170 musculorum
1437 4123 1554 4185 aquam
1576 4099 1752 4187 arripiunt,
1773 4119 1836 4161 non

254 4245 407 4329 relinquit
428 4243 561 4308 dubium
587 4267 646 4310 cur
668 4246 817 4313 celeriter
847 4248 1036 4336 effugientes
1064 4257 1188 4312 tantum
1214 4270 1253 4313 ao
1278 4247 1368 4312 brevi
1389 4254 1536 4331 tempore
1564 4244 1738 4308 exstinctas
1760 4259 1837 4303 con·

253 4387 427 4453 tractiones
449 4386 599 4450 excitent
641 4386 715 4454 Etsi
736 4413 814 4456 vero
835 4390 923 4456 haud
944 4390 987 4456 sit
1006 4389 1174 4472 incertum,
1196 4390 1229 4454 in
1250 4400 1386 4474 utraque
1402 4388 1564 4454 contraria
1577 4386 1634 4452 illa
1654 4382 1839 4450 conditione

256 4552 341 4615 equa
361 4527 513 4594 destilata
536 4529 681 4597 adhibita
702 4530 753 4597 vel
782 4531 998 4599 solutionibus
1026 4530 1240 4597 concontratis
1266 4531 1299 4594 in
1327 4530 1510 4598 animalium
1536 4527 1718 4596 substantia
1744 4522 1841 4589 vehe-

253 4681 377 4737 mentes
391 4671 528 4738 existere
541 4672 630 4740 rivos
645 4672 856 4740 moleculares
871 4685 967 4760 atque
981 4685 1101 4756 motus,
1123 4686 1228 4740 tamen
1242 4696 1446 4758 nequaquam
1459 4672 1662 4759 exploratum
1676 4655 1840 4735 habenius.

255 4815 419 4900 quomodo
444 4815 663 4882 musculorum
690 4829 723 4882 et
751 4816 929 4882 contractio
956 4825 989 4880 et
1016 4817 1169 4903 expansio
1197 4816 1333 4882 invicem
1366 4815 1533 4881 efficiatur.
1587 4814 1703 4899 Neque
1736 4824 1842 4876 motus

255 4957 464 5024 moleoulares
484 4959 559 5026 illos
579 4958 664 5025 idem
684 4980 755 5025 esse
782 4980 821 5025 ac
847 4957 1066 5024 musculorum
1094 4958 1332 5026 contractiones
1358 4957 1496 5046 cogitari
1522 4966 1632 5043 potest
1658 4967 1842 5045 propterea,

1573 5082 1612 5134 3*
