4696 6216
1063 747 1085 818 7

280 932 345 996 tica
365 929 467 1016 magis
487 925 706 994 musculorum
733 927 947 993 substantiam
967 926 1089 1012 tangit,
1121 947 1218 1011 quam
1238 925 1320 992 alius
1342 925 1450 1011 liquor
1477 927 1530 991 cui
1553 928 1620 1011 jam
1639 929 1792 994 materiae
1812 951 1866 997 so·

282 1074 369 1140 lutae
395 1069 555 1137 admixtae
580 1079 664 1136 suut
717 1068 789 1135 Nec
816 1067 912 1134 valde
939 1091 959 1133 a
984 1069 1122 1133 veritate
1147 1067 1300 1135 abhorret
1328 1091 1426 1153 quum
1454 1066 1487 1130 in
1515 1069 1640 1134 nutritu
1668 1069 1764 1135 solito
1793 1092 1866 1138 sero

282 1214 447 1302 sanguinis
468 1211 602 1279 eandem
622 1213 689 1276 fere
711 1210 977 1298 compositionem
1003 1231 1074 1276 esse
1102 1209 1277 1277 chemicam
1305 1231 1343 1274 ae
1364 1206 1584 1273 musculorum
1601 1207 1740 1296 liquori,
1762 1236 1867 1299 neque

282 1358 576 1426 concentrationem
596 1352 689 1419 valde
709 1349 839 1417 differre
861 1350 1113 1438 contendamus,
1135 1353 1386 1441 experimentum
1408 1373 1505 1433 vero,
1533 1360 1571 1415 ut
1591 1360 1707 1438 postea
1727 1352 1868 1439 explica·

281 1509 376 1565 turus
395 1520 482 1582 sum,
510 1497 622 1580 docet,
649 1518 715 1580 quo
736 1493 839 1581 magis
860 1492 967 1579 liquor
994 1517 1053 1581 per
1074 1518 1152 1562 vasa
1172 1515 1307 1563 currens
1329 1492 1391 1557 huc
1419 1491 1470 1558 vel
1492 1492 1570 1559 illuc
1591 1493 1735 1562 declinet
1754 1519 1774 1561 a
1794 1519 1867 1562 san-
1931 1491 1939 1504 “

281 1641 388 1728 guinis
409 1637 640 1706 constitutione
669 1635 812 1703 chemica
831 1635 853 1700 i.
875 1658 903 1701 e.
924 1645 1023 1723 prout
1048 1658 1122 1701 enm
1147 1643 1205 1701 aut
1229 1634 1332 1721 magis
1359 1633 1497 1699 dilutum
1525 1647 1583 1701 aut
1607 1637 1710 1724 magis
1730 1659 1867 1702 concen-

282 1793 401 1847 tratum
426 1778 677 1861 reddiderimus,
704 1787 738 1842 et
758 1800 823 1864 quo
851 1766 1121 1844 vehementiorem
1157 1778 1243 1842 illius
1270 1777 1476 1864 partiumque
1503 1778 1682 1845 vicinarum
1709 1781 1773 1846 vim
1798 1805 1867 1846 rnu-

282 1937 370 1991 tuam
393 1924 646 1990 endosmoticam
677 1921 943 2005 excitaverbnus,
974 1944 1014 1987 eo
1046 1923 1153 1988 acrius
1181 1920 1392 1987 moleculares
1424 1919 1580 2004 quasdam
1614 1923 1866 2008 permutationes

282 2066 500 2143 musmdorum
521 2064 693 2149 consequi,
715 2085 800 2149 quae
821 2062 896 2129 illos
915 2062 957 2128 ad
978 2063 1138 2152 agendum
1163 2062 1330 2150 impellant
1347 2071 1444 2147 atque
1465 2062 1603 2128 irritent.

385 2210 461 2275 Jam
482 2211 524 2274 Ε.
554 2207 709 2290 hubam)
730 2213 763 2270 et
787 2204 826 2270 G.
849 2208 1015 2290 Lutiqw)
1042 2208 1184 2274 animum
1209 2215 1356 2271 nostrum
1382 2202 1424 2269 ad
1451 2204 1566 2269 mirum
1594 2204 1685 2269 illum
1706 2205 1868 2270 musculo·

281 2377 351 2420 rum
372 2349 728 2436 tremoremrsjiciunt,
751 2369 848 2432 quem
868 2347 1061 2414 animalibus
1084 2372 1169 2434 aqna
1188 2348 1306 2432 injecta
1327 2347 1508 2432 conspicias
1530 2346 1615 2412 licet.
1644 2345 1771 2413 Neuter
1791 2371 1868 2413 vero

281 2521 348 2563 rem
368 2496 465 2562 latius
487 2490 688 2578 explanavit,
713 2510 795 2572 quae
818 2487 905 2552 haud
924 2491 1143 2576 mediocriter,
1166 2491 1299 2578 opinor,
1320 2489 1539 2555 musculorum
1554 2488 1692 2555 actionis
1709 2490 1868 2576 cognitio·

280 2659 353 2702 nem
371 2634 525 2721 adjuvare
546 2632 660 2718 possit.
703 2628 863 2714 Equidem
884 2631 1170 2718 phaenomena-ab
1194 2631 1258 2697 illis
1288 2640 1535 2696 commemorata
1559 2632 1593 2696 in
1619 2653 1700 2696 rana
1725 2629 1868 2696 animad-

282 2778 364 2844 verti
384 2799 466 2860 quae
488 2774 654 2841 auctumni
675 2780 865 2857 tempestate
892 2773 925 2836 in
950 2771 1099 2839 custodia
1120 2776 1269 2859 perierat
1318 2774 1368 2839 Ea
1395 2765 1481 2838 enini
1500 2772 1563 2838 etsi
1588 2781 1656 2841 tum
1677 2798 1742 2840 non
1763 2774 1870 2859 rigida

280 2920 358 3004 fuit,
379 2928 530 3006 ,attamen
558 2916 751 2982 excitatione
783 2912 987 2998 peripherica
1016 2913 1265 2998 haudquaquam
1291 2915 1496 2997 movebatur,
1530 2925 1699 3001 praeterea
1724 2898 1890 2982 thoracis⁰

281 3086 361 3128 cavo
383 3070 497 3146 aperto
518 3078 574 3119 cor
595 3077 655 3119 nec
675 3054 818 3140 graviter
838 3076 899 3119 nec
919 3053 1112 3139 regulariter
1133 3053 1295 3140 pulsabat.
1342 3055 1433 3120 Huic
1459 3077 1538 3142 ergo
1560 3056 1742 3143 injectionis
1762 3060 1869 3144 gratia

283 3229 340 3292 per
362 3226 419 3268 cor
439 3197 556 3264 immisi
583 3218 715 3280 aquam,
742 3203 781 3259 ut
799 3216 879 3259 vasa
904 3194 1114 3269 liberarenter
1143 3197 1309 3283 sanguine.
1365 3194 1432 3264 Sed
1453 3199 1674 3284 phaenomena
1700 3199 1767 3262 fere
1788 3198 1868 3264 haec

281 3355 381 3412 erant
425 3339 535 3423 Quum
558 3335 703 3402 thoracis
732 3357 814 3401 covo
838 3344 951 3422 aperto
982 3360 1042 3424 per
1068 3336 1201 3403 bulbum
1226 3348 1335 3404 aortae
1362 3362 1447 3440 aqua
1473 3340 1694 3427 injiciebatur,
1729 3362 1867 3426 magnae

281 3485 461 3556 abdominis
489 3501 588 3546 venae
617 3476 737 3542 incisae
765 3487 823 3542 aut
850 3476 1011 3544 dissectae
1030 3477 1234 3562 indicabant,
1263 3501 1339 3543 num
1360 3499 1444 3563 aqua
1465 3478 1607 3543 immissa
1628 3482 1660 3541 iu
1682 3479 1868 3563 impedime-

281 3632 350 3698 dita
370 3626 544 3709 incideret,
565 3643 639 3684 nam
659 3619 817 3706 sanguine
838 3619 972 3706 expulso
992 3620 1118 3686 tardius
1140 3620 1274 3687 celerius
1295 3642 1411 3705 aquam
1432 3619 1584 3685 amittunt
1596 3620 1705 3687 colore
1722 3644 1868 3705 quocun·

282 3797 344 3859 qne
366 3777 537 3837 carentem.
568 3760 657 3828 -Jam
682 3758 781 3847 paulo
802 3769 975 3844 antequam
995 3760 1103 3846 liquor
1128 3786 1167 3828 ex
1188 3763 1278 3829 venis
1304 3784 1437 3827 manans
1468 3761 1642 3846 coloreque
1670 3787 1784 3832 carens
1809 3790 1868 3852 ap·

281 3909 407 3999 paruit,
440 3915 477 3971 ut
502 3900 799 3971 vehementissimae
826 3874 881 3966 ita'
901 3901 1049 3968 celeriter
1075 3902 1256 3970 desinentes
1281 3904 1500 3971 musculorum
1528 3907 1644 3991 capitis
1674 3920 1707 3974 et
1734 3911 1869 3977 cervicis

281 4052 515 4118 contractiones
541 4048 717 4134 incipiunt,
751 4055 821 4110 tum
847 4043 1069 4128 brachiorum,
1105 4054 1139 4110 et
1165 4043 1325 4127 thoracis,
1360 4055 1393 4109 et
1413 4045 1612 4130 abdominis,
1634 4048 1773 4136 denique
1794 4075 1868 4119 san·

281 4194 378 4283 guine
399 4193 528 4258 omuino
548 4200 690 4273 remoto,
712 4187 949 4253 extremitatum
976 4210 1107 4273 quoque
1130 4188 1354 4274 posteriorum.
1382 4186 1475 4269 Quae
1497 4190 1736 4256 contractiones
1758 4192 1786 4256 si
1811 4215 1869 4278 per

281 4359 392 4403 omnes
413 4346 522 4424 partes
543 4334 768 4399 diffumduntur
789 4350 888 4417 saepe
912 4351 1046 4395 numero
1069 4351 1179 4394 earum
1204 4330 1342 4418 impetus
1363 4341 1473 4396 tantus
1495 4342 1561 4415 est,
1588 4342 1626 4399 ut
1646 4333 1763 4399 animal
1785 4357 1804 4398 a
1825 4335 1870 4399 si-

281 4477 398 4564 phonis
425 4475 604 4541 canaliculo
634 4476 669 4539 in
695 4482 819 4539 aortam
844 4480 971 4536 tantum
999 4471 1141 4537 immisso
1168 4470 1264 4557 longe
1290 4469 1474 4556 projiciant.
1531 4473 1602 4540 Nec
1627 4484 1735 4541 tamen
1760 4499 1869 4542 verum

281 4676 592 4713 ...Ἰ-..-

385 4803 420 4870 ¹8)
438 4807 488 4857 Ed.
513 4804 610 4858 Weber:
628 4804 880 4871 Muskelbavvegung
897 4806 924 4854 in
942 4804 975 4854 R.
996 4805 1128 4869 Wagners
1145 4801 1394 4853 Handvvdrterbuch
1413 4800 1460 4850 der
1476 4799 1595 4865 Physiol.
1616 4799 1666 4850 Bd.
1680 4799 1733 4851 111.
1751 4817 1812 4867 pag.
1828 4806 1869 4854 10.

385 4894 420 4962 ¹⁹)
442 4897 476 4950 Ge
492 4897 596 4962 Liabip:
613 4897 784 4962 Respiration
802 4898 849 4948 der
866 4897 999 4948 Muskeln.
1020 4895 1131 4946 Mullors
1149 4894 1249 4944 Archiv
1270 4893 1346 4943 1850.
1366 4892 1433 4958 sag.
1451 4893 1514 4941 411.
