4696 6216
1149 773 1190 847 20

379 956 469 1038 quod
497 960 534 1016 ut
561 951 638 1016 haec
667 975 732 1018 non
759 963 944 1020 constantes
966 953 1023 1020 sed
1045 953 1222 1019 intervallis
1249 950 1426 1039 interjectis
1453 932 1620 1014 revertere
1640 947 1761 1030 solent,
1790 947 1838 1011 sic
1861 945 1908 1010 illi
1930 945 1961 1008 in

378 1095 595 1183 experimento
623 1096 691 1161 sine
717 1095 815 1162 dubio
842 1098 986 1162 continui
1012 1106 1096 1161 sunt.
1139 1092 1300 1180 Equidem
1327 1092 1564 1160 contractiones
1591 1086 1826 1172 endosmotice,
1855 1097 1891 1152 ut
1919 1086 1963 1152 ita

378 1233 500 1315 dicam,
531 1248 724 1321 provocatas
753 1239 884 1324 copiose
911 1239 1071 1325 explicare
1098 1259 1233 1320 nequeo.
1277 1235 1430 1301 Ceterum
1450 1231 1611 1318 explicare
1631 1230 1809 1316 probareve
1834 1228 1961 1294 omuino

378 1399 442 1441 non
465 1399 648 1462 possumus,
669 1378 833 1463 quomodo
856 1380 927 1446 aliis
948 1401 1077 1465 quoque
1092 1378 1297 1443 irritamentis
1318 1375 1414 1441 modo
1428 1374 1637 1440 attractiones
1651 1371 1748 1437 modo
1763 1368 1962 1457 repulsiones

379 1519 611 1584 molecularum
633 1519 829 1599 efficiantur3
853 1522 978 1588 etiamsi
999 1524 1082 1586 euim
1102 1520 1166 1585 ista
1187 1521 1220 1584 in
1242 1541 1339 1585 causa
1359 1519 1380 1583 i.
1402 1541 1430 1583 e.
1458 1517 1490 1582 in
1511 1515 1688 1580 irritatione
1706 1512 1758 1577 vel
1780 1509 1964 1576 mechanica

379 1662 429 1726 vel
451 1660 606 1745 chemica,
627 1662 679 1727 vel
702 1662 854 1729 electrina
875 1663 926 1728 vel
949 1670 1184 1748 temperaturae
1203 1660 1435 1727 mutationibus
1457 1659 1605 1724 confecta
1624 1654 1666 1722 ad
1686 1677 1802 1720 nervos
1816 1622 1962 1717 redurres

378 1802 457 1866 nihil
479 1801 621 1888 prodest.
666 1804 821 1888 Quamvis
850 1806 934 1870 enim
960 1805 1167 1869 commutatio
1195 1803 1311 1868 virium
1333 1801 1662 1869 electromotoriarum
1691 1794 1782 1863 nervi
1809 1793 1962 1882 agitantis

378 1946 595 2011 musculorum
627 1949 770 2014 actiones
799 1946 969 2012 videantur
999 1948 1154 2030 excitare,
1188 1955 1295 2011 tauron
1327 1968 1426 2030 quum
1458 1941 1632 2008 difficultas
1661 1933 1877 2022 investigandi
1898 1956 1962 1999 non

376 2087 520 2171 tollitur,
546 2112 612 2174 quo
641 2092 766 2156 ratione
788 2087 1053 2156 commutationes
1076 2090 1150 2155 illae
1172 2088 1448 2155 electromotoriae
1469 2085 1560 2150 nervi
1586 2085 1798 2150 excitamento
1821 2077 1962 2165 quodam

377 2231 508 2296 excitati
530 2241 759 2317 provocentur,
780 2239 849 2294 tum
870 2229 1028 2315 imprimis
1049 2231 1145 2295 etiam
1164 2239 1276 2311 restat,
1301 2244 1339 2293 ut
1359 2226 1548 2313 explicetur,
1572 2224 1736 2312 quomodo
1752 2226 1961 2293 elementares

376 2369 425 2434 illi
455 2394 626 2458 processus
651 2371 880 2438 fasciculorum
906 2371 1060 2453 musculi,
1087 2392 1170 2455 quos
1197 2380 1341 2436 mutuam
1360 2369 1585 2436 molecularem
1606 2367 1830 2434 attractionem
1852 2367 1962 2454 repul·

378 2511 566 2595 sionemque
580 2510 678 2576 modo
695 2524 822 2578 auctam
836 2512 933 2579 modo
948 2513 1137 2579 diminutam
1151 2511 1268 2578 ducere
1290 2511 1525 2595 consuevimus,
1548 2534 1587 2577 ex
1610 2507 1876 2577 electromotoriis
1898 2505 1963 2570 illis

378 2651 468 2715 nervi
489 2653 720 2719 mutationibus
742 2652 953 2738 dependeant.

484 2789 659 2878 Utcunque
679 2818 756 2859 vero
785 2794 839 2860 ille
866 2816 902 2860 se
922 2795 1077 2875 habeant,
1107 2795 1331 2880 experimentis
1359 2814 1448 2857 ame
1470 2790 1615 2873 traditis,
1644 2814 1684 2855 ne
1712 2814 1823 2857 corum
1844 2791 1963 2857 mentio

377 2932 450 3013 liat,
478 2955 561 3018 quae
588 2935 682 3020 quasi
701 2936 897 3003 incrementa
917 2934 1143 3002 irritabilitatis
1164 2932 1331 2999 doctrinae
1358 2932 1507 3000 videntur
1528 2931 1691 3019 putanda,
1718 2932 1962 3000 excitamentum

378 3074 471 3138 nobis
493 3077 601 3140 notuit
620 3099 750 3159 novum,
772 3073 860 3160 quod
881 3075 1098 3140 musculorum
1119 3086 1240 3142 statum
1257 3075 1484 3143 molecularem
1499 3075 1696 3160 aliquamdiu
1710 3085 1834 3141 mutare
1848 3075 1962 3162 possit,

376 3216 423 3280 ita
444 3233 481 3282 ut
501 3220 741 3285 contrahantur.

482 3360 584 3426 Haud
612 3385 705 3448 paru
733 3359 795 3425 hac
825 3357 865 3423 de
892 3379 927 3422 re
949 3368 1017 3421 erat
1045 3361 1195 3424 momenti
1223 3360 1440 3445 experimento
1457 3368 1598 3441 'quoque
1627 3357 1847 3422 demonstrare
1877 3359 1964 3444 ipsas

376 3499 513 3564 musculi
537 3501 622 3567 vires
643 3500 918 3565 electromotorias
938 3500 1021 3564 inter
1049 3500 1285 3567 contractiones
1312 3501 1390 3565 rivis
1418 3499 1645 3566 cndosmoticis
1677 3466 1807 3565 effectas
1837 3500 1962 3566 mutari.

378 3637 469 3720 Quas
491 3644 684 3708 mutationes
705 3640 965 3728 multiplicatoris
987 3664 1049 3728 ope
1071 3643 1293 3707 demonstrare
1314 3653 1451 3709 conatus
1472 3665 1560 3724 sum,
1589 3641 1658 3714 sed,
1674 3653 1807 3707 eventus
1829 3641 1963 3707 maxime

379 3776 467 3843 dubii
490 3781 636 3866 fuerunt,
664 3805 705 3847 ne
731 3805 782 3847 mc
811 3805 944 3867 prorsus
968 3784 1230 3871 essedeceptum
1254 3783 1368 3867 dicam.
1411 3781 1513 3871 Cujus
1536 3783 1583 3848 rei
1603 3805 1715 3865 causa,
1742 3805 1841 3866 quum
1869 3783 1901 3846 in
1923 3805 1962 3847 eo

378 3922 486 4006 posita
506 3934 567 4006 est,
587 3925 676 4009 quod
698 3925 949 4011 experimentum
969 3925 1047 3991 satis
1070 3936 1219 3993 accurate
1240 3927 1408 3991 instituere
1422 3948 1556 4012 prorsus
1570 3923 1794 3990 difficillimum
1815 3934 1874 3991 est,
1895 3935 1963 3986 tum

377 4061 466 4146 quod
488 4067 705 4133 musculorum
727 4067 965 4133 contractiones
984 4066 1174 4153 plerumque
1195 4067 1242 4132 ita
1262 4067 1408 4133 celeriter
1431 4067 1607 4153 effugiunt,
1629 4078 1677 4151 ut,
1704 4067 1800 4133 etiam
1823 4064 1961 4131 difficul-

377 4205 500 4271 tatibus
529 4206 699 4291 quibusvis
725 4209 903 4293 superatis,
932 4209 1190 4296 multiplicatoris
1213 4232 1290 4275 acus
1312 4208 1449 4276 tarditas
1475 4207 1704 4296 impedimento
1726 4211 1777 4275 sit.
1819 4210 1962 4293 Primum

377 4346 629 4433 experimentum
651 4352 775 4436 paranti
800 4351 878 4416 mihi
900 4351 991 4417 cordi
1013 4361 1099 4435 erat,
1129 4360 1166 4416 ut
1191 4374 1301 4417 ranam
1324 4353 1403 4420 satis
1430 4353 1559 4440 figerem
1586 4375 1627 4417 ne
1647 4351 1868 4418 musculorum
1888 4352 1961 4415 irri-

378 4500 519 4555 tatorum
547 4503 654 4576 partes
684 4494 799 4581 papyri
820 4495 984 4562 iasciculis
1016 4495 1184 4580 impositae
1220 4495 1297 4578 (qui
1325 4495 1476 4599 fasciculi·
1499 4494 1540 4559 ab
1567 4492 1786 4561 illustrissimo
1806 4497 1861 4560 Du
1882 4497 1961 4559 Boea

378 4629 877 4721 Zuleitungsbauschedicuntur)
902 4662 962 4705 suo
984 4639 1058 4705 loco
1079 4646 1296 4719 moverentur,
1319 4648 1387 4700 tum
1402 4660 1478 4702 vero
1492 4660 1570 4701 rana
1583 4637 1631 4701 ita
1645 4648 1810 4724 prostrata
1825 4635 1961 4702 debebat

379 4799 459 4857 esse,
481 4799 521 4841 ne
543 4800 628 4862 aqua
650 4780 792 4846 defluens
814 4782 847 4847 in
867 4805 944 4848 vasa
964 4790 1108 4846 manaret
1129 4804 1168 4846 ex
1189 4780 1307 4865 quibus
1329 4778 1443 4865 papyri
1467 4777 1513 4841 illi
1534 4777 1681 4843 fasciculi
1709 4779 1858 4866 suspensi
1887 4790 1962 4844 sunt

379 4917 726 5008 ‹Zuleitungsgeltssm
747 4948 828 4990 neve
848 4947 887 4990 eo
908 4925 970 4988 rivi
991 4924 1133 4989 electrici
1155 4921 1437 5008 multiplicatorem
1464 4919 1745 4985 circumcurrentis
1767 4922 1960 4986 mutationes
