4696 6216
1014 749 1048 827 11

248 933 467 1000 musculorum
499 936 621 1001 diutius
655 934 810 1000 durantes
843 945 1029 1002 evenerunt
1071 935 1163 1001 Idem
1192 935 1226 999 in
1261 936 1348 1001 ranis
1379 937 1583 1002 observatum
1611 945 1661 1000 est
1694 955 1776 1018 quae
1807 955 1825 996 e

249 1075 399 1139 custodia
419 1076 548 1163 elapsae
570 1085 666 1160 atque
686 1075 720 1141 in
741 1073 891 1140 cubiculo
912 1078 1147 1161 persultantes,
1169 1099 1255 1162 aqua
1276 1076 1461 1164 deperdita,
1483 1075 1688 1163 quodamodo
1708 1094 1827 1160 corpus

249 1216 405 1282 siccatum
424 1218 642 1284 obtinuerant.
686 1215 779 1298 Quae
807 1216 859 1282 vel
884 1216 1161 1285 vehementissime
1186 1218 1330 1282 irritatas
1356 1241 1455 1302 quum
1483 1221 1567 1286 vitae
1587 1220 1714 1306 signum
1733 1237 1829 1304 prae-

249 1357 361 1423 berent
389 1359 531 1443 nullum,
559 1383 632 1424 cum
650 1363 717 1446 jam
743 1380 799 1424 cor
820 1368 877 1423 aut
897 1382 1013 1444 parum
1034 1371 1092 1426 aut
1118 1383 1251 1448 prorsus
1281 1384 1347 1426 non
1367 1362 1513 1446 pulsaret
1533 1361 1687 1444 nervique
1707 1355 1831 1421 directa

248 1498 441 1566 excitatione
463 1500 714 1587 haudquaquam
737 1510 844 1566 motus
858 1511 1092 1586 provocarent,
1114 1502 1163 1566 illi
1183 1525 1248 1567 non
1266 1501 1453 1567 defecerunt
1464 1500 1665 1586 musculique
1679 1495 1832 1564 exsiccati

249 1642 340 1725 prius
361 1654 594 1729 recuperarunt
616 1643 776 1727 volumen,
799 1666 885 1729 aqua
904 1641 1056 1708 destilata
1077 1665 1136 1728 per
1157 1655 1267 1710 aortae
1287 1645 1423 1711 bulbum
1443 1643 1561 1730 injecta

356 1780 422 1864 Qui
443 1785 663 1850 musculorum
684 1784 895 1850 irritabilitati
921 1782 1135 1848 adversantur
1163 1784 1195 1848 in
1225 1785 1465 1852 celeberrimam
1486 1787 1574 1851 illam
1594 1782 1834 1872 experientiam,

253 1947 292 1986 ex
319 1946 384 2007 qua
410 1926 629 1992 musculorum
656 1929 895 1993 contractiones
923 1925 1079 1991 directam
1106 1927 1318 1994 irritationem
1346 1931 1602 2013 subsequantur,
1634 1925 1780 2012 quamvis
1801 1923 1835 1986 hi

249 2069 316 2150 jam
344 2088 419 2129 vere
446 2068 563 2131 mortui
593 2078 788 2156 appareant,
815 2070 865 2135 sic
892 2090 952 2133 suo
970 2071 1044 2154 jure
1072 2069 1122 2134 usi
1144 2080 1237 2153 sunt,
1264 2081 1302 2136 ut
1328 2095 1397 2137 eam
1423 2083 1558 2137 mortem
1583 2095 1603 2136 a
1624 2078 1735 2134 centro
1753 2065 1835 2130 inci·

255 2211 394 2294 pientem
415 2208 456 2272 ad
478 2210 691 2296 peripheriam
712 2234 865 2299 pergere,
893 2209 993 2295 idque
1013 2211 1228 2278 demonstrari
1255 2237 1351 2300 posse
1379 2213 1538 2277 dicerent:
1566 2233 1630 2295 qua
1657 2208 1698 2273 de
1719 2230 1754 2271 re
1778 2228 1836 2292 per

253 2350 391 2416 musculi
407 2350 571 2416 materiam
593 2375 710 2419 nervos
731 2377 854 2438 aequae
876 2353 1052 2438 dissipatos
1074 2354 1336 2420 excitabilitatem
1357 2355 1497 2420 retinere
1519 2376 1627 2440 posse,
1649 2349 1756 2415 trunci
1772 2351 1838 2434 jam

255 2496 421 2558 exstincta.
466 2491 564 2573 Quod
588 2495 798 2580 opprobrium
817 2517 918 2579 quum
938 2505 1033 2559 antea
1054 2519 1074 2560 a
1093 2519 1143 2560 me
1158 2496 1349 2561 enumeratis
1370 2517 1500 2580 quoque
1522 2492 1748 2579 experimentis
1762 2488 1840 2554 ferri

256 2644 367 2718 posset
388 2634 539 2699 videlicet
559 2657 659 2719 quum
680 2658 746 2700 non
767 2636 1057 2720 demonstrassent,
1086 2660 1201 2721 aquam
1222 2635 1403 2702 destilatam
1424 2637 1467 2702 ad
1488 2659 1605 2702 nervos
1628 2657 1759 2720 quoquc
1781 2657 1839 2720 per

256 2777 393 2841 musculi
413 2776 624 2842 substantiam
645 2775 810 2863 dispersos
832 2777 954 2842 nullam
975 2778 1125 2844 exhibere
1146 2780 1226 2857 vim3
1256 2778 1458 2845 conditiones
1486 2778 1621 2865 reperiri
1647 2776 1839 2859 debuerunt,

258 2940 341 2999 quae
363 2918 490 2982 minime
511 2915 644 2983 dubium
664 2918 895 3001 relinquerent,
920 2919 998 3004 quin
1018 2919 1110 2983 nervi
1130 2928 1163 2982 et
1182 2918 1300 3001 ubique
1323 2917 1356 2983 et
1377 2921 1471 3005 plene
1493 2944 1531 2986 ac
1553 2943 1628 2985 vere
1642 2929 1842 2983 morerentur

259 3059 413 3124 musculis
437 3059 544 3124 salvis,

366 3198 406 3261 E.
428 3201 588 3262 Beraardi
608 3201 833 3285 experimentis
856 3198 967 3285 primis
994 3219 1096 3281 quum
1123 3202 1217 3262 Ucasi
1242 3225 1397 3268 venenum
1424 3205 1459 3268 in
1486 3225 1602 3268 nervos
1629 3211 1661 3266 et
1688 3203 1842 3266 motorios

261 3350 293 3402 et
313 3339 482 3404 sensibiles
505 3342 625 3405 variam
646 3341 796 3408 exhibere
818 3342 881 3405 vim
903 3338 1147 3420 intellexissem,
1169 3364 1245 3405 num
1265 3343 1336 3434 aliis
1358 3344 1489 3408 venenis
1508 3343 1698 3425 narcotieis,
1727 3341 1844 3426 quibus

260 3481 386 3546 facilius
408 3484 457 3546 uti
478 3505 666 3570 possumus,
695 3482 813 3547 similia
835 3481 1039 3546 efficerentur
1066 3480 1219 3565 quaesivi.
1262 3481 1329 3546 Diu
1355 3483 1487 3568 quidem
1515 3481 1734 3567 experimenta
1755 3507 1773 3544 a
1795 3507 1844 3546 me

260 3623 408 3687 instituta
432 3623 465 3686 in
486 3623 626 3688 aetheris
648 3623 846 3689 inhalatione
868 3623 975 3687 solum
996 3632 1029 3687 et
1051 3623 1085 3685 in
1107 3621 1311 3707 strychnino,
1340 3635 1372 3688 et
1397 3625 1472 3708 opio
1499 3631 1532 3688 et
1553 3622 1647 3689 acido
1669 3623 1846 3689 Borussico

262 3764 489 3846 versabantur,
517 3765 621 3831 donec
648 3768 816 3830 Koellileri
843 3763 1061 3850 experimenta
1088 3760 1183 3829 valde
1211 3788 1261 3829 me
1288 3774 1513 3831 sustentarent
1565 3764 1649 3829 Tum
1675 3766 1847 3852 praecipue

263 3906 418 3988 Brucino,
434 3904 643 3992 Stryclinino,
657 3905 797 3972 Coniino
811 3918 844 3971 et
857 3906 1012 3972 Nicotino
1028 3904 1143 3969 solutis
1158 3905 1373 3989 experimenta
1384 3904 1522 3987 institui,
1538 3914 1570 3969 et
1584 3907 1692 3970 omnia
1706 3906 1847 3991 quidem,

266 4072 347 4132 quae
371 4059 503 4136 propter
525 4050 688 4135 ingentem
710 4073 879 4114 numerum
900 4048 1033 4133 longum
1054 4054 1105 4110 est
1126 4067 1275 4109 enarrare
1298 4048 1344 4111 sic
1365 4048 1568 4128 factasunt,
1596 4054 1632 4109 ut
1657 4057 1753 4111 antea
1773 4046 1848 4111 dum

267 4190 382 4254 ceteris
411 4191 557 4275 corporis
587 4191 734 4276 partibus
767 4192 911 4277 parcitur
943 4211 1009 4252 uno
1043 4188 1077 4251 in
1115 4186 1214 4250 latere
1257 4186 1297 4253 N.
1335 4188 1546 4271 ischiadicuS,
1581 4190 1613 4252 in
1642 4190 1745 4254 altero
1771 4215 1848 4256 vero

268 4329 429 4395 interdum
453 4332 565 4397 eodem
586 4341 732 4419 tempore
754 4354 830 4396 ossa
852 4341 885 4393 et
900 4329 1037 4393 musculi
1058 4351 1160 4413 usque
1183 4329 1224 4393 ad
1245 4354 1378 4396 nervum
1398 4331 1647 4396 dissecarentur.
1684 4331 1850 4397 Interdum

267 4499 402 4558 nervus,
431 4475 530 4558 cutia,
558 4475 697 4539 musculi
723 4472 874 4558 disjuncti
904 4472 965 4536 soli
993 4471 1059 4536 ossi
1086 4469 1273 4557 magnisque
1305 4493 1456 4536 vasorum
1482 4473 1605 4537 truncis
1632 4495 1762 4558 parsum
1790 4485 1849 4539 cst.

267 4620 434 4684 Neminem
455 4618 524 4683 fere
546 4619 632 4705 fugit
649 4622 715 4703 jam
737 4641 836 4705 parva
859 4613 1048 4702 Stryclmini
1069 4612 1176 4677 nitrici
1203 4610 1274 4677 dosi
1301 4613 1332 4677 in
1355 4615 1442 4679 ranis
1467 4614 1610 4679 veneficii
1632 4613 1852 4700 phaenomena

268 4762 375 4839 nasei3
402 4771 544 4826 attamen
565 4763 690 4848 magnis
711 4770 836 4825 tantum
857 4756 992 4822 dosibus
1015 4755 1094 4818 meis
1116 4753 1148 4816 in
1170 4755 1395 4839 experimentis
1425 4781 1503 4823 usus
1525 4779 1613 4839 sum,
1642 4777 1724 4838 quae
1754 4756 1851 4822 modo

270 4929 329 4991 per
358 4928 453 4970 anum
483 4902 578 4968 modo
606 4924 721 4989 paros
743 4900 933 4966 animalibus
963 4898 1122 4963 immissae
1144 4907 1233 4978 sunt,
1261 4921 1397 4982 quarum
1425 4903 1585 4966 rationum
1608 4897 1696 4985 prior
1717 4900 1851 4963 maxime

1590 5024 1628 5071 20
