<?xml version="1.0" encoding="UTF-8"?>
<!DOCTYPE html PUBLIC "-//W3C//DTD XHTML 1.0 Transitional//EN"
    "http://www.w3.org/TR/xhtml1/DTD/xhtml1-transitional.dtd">
<html xmlns="http://www.w3.org/1999/xhtml" xml:lang="en" lang="en">
 <head>
  <title>
</title>
<meta http-equiv="Content-Type" content="text/html;charset=utf-8" />
  <meta name='ocr-system' content='tesseract 3.04.00' />
  <meta name='ocr-capabilities' content='ocr_page ocr_carea ocr_par ocr_line ocrx_word'/>
</head>
<body>
  <div class='ocr_page' id='page_1' title='image "./experimentaquae00wittgoog_0017.png"; bbox 0 0 4696 6216; ppageno 0'>
   <div class='ocr_carea' id='block_1_1' title="bbox 1173 737 1212 813">
    <p class='ocr_par' dir='ltr' id='par_1_1' title="bbox 1173 737 1212 813">
     <span class='ocr_line' id='line_1_1' title="bbox 1173 737 1212 813; baseline 0 0"><span class='ocrx_word' id='word_1_1' title='bbox 1173 737 1212 813; x_wconf 79' lang='lat'>12</span> 
     </span>
    </p>
   </div>
   <div class='ocr_carea' id='block_1_2' title="bbox 404 906 1981 1009">
    <p class='ocr_par' dir='ltr' id='par_1_2' title="bbox 404 906 1981 1009">
     <span class='ocr_line' id='line_1_2' title="bbox 404 906 1981 1009; baseline 0.01 -38"><span class='ocrx_word' id='word_1_2' title='bbox 404 906 521 975; x_wconf 92' lang='lat' dir='ltr'>idonea</span> <span class='ocrx_word' id='word_1_3' title='bbox 546 913 631 977; x_wconf 90' lang='lat' dir='ltr'>mihi-</span> <span class='ocrx_word' id='word_1_4' title='bbox 653 913 832 981; x_wconf 89' lang='lat' dir='ltr'>videbatur.</span> <span class='ocrx_word' id='word_1_5' title='bbox 880 916 929 984; x_wconf 90' lang='lat' dir='ltr'>Ut</span> <span class='ocrx_word' id='word_1_6' title='bbox 955 942 1032 987; x_wconf 86' lang='lat' dir='ltr'>vero</span> <span class='ocrx_word' id='word_1_7' title='bbox 1060 919 1281 1006; x_wconf 89' lang='lat' dir='ltr'>phaenomena</span> <span class='ocrx_word' id='word_1_8' title='bbox 1309 920 1451 984; x_wconf 88' lang='lat' dir='ltr'>tetanica</span> <span class='ocrx_word' id='word_1_9' title='bbox 1472 918 1563 987; x_wconf 87' lang='lat' dir='ltr'>brevi</span> <span class='ocrx_word' id='word_1_10' title='bbox 1584 932 1727 1009; x_wconf 90' lang='lat' dir='ltr'>tempore</span> <span class='ocrx_word' id='word_1_11' title='bbox 1749 923 1905 1004; x_wconf 86' lang='lat' dir='ltr'>existunt,</span> <span class='ocrx_word' id='word_1_12' title='bbox 1935 924 1981 987; x_wconf 89' lang='lat' dir='ltr'>ita</span> 
     </span>
    </p>
   </div>
   <div class='ocr_carea' id='block_1_3' title="bbox 403 1053 1979 1162">
    <p class='ocr_par' dir='ltr' id='par_1_3' title="bbox 403 1053 1979 1162">
     <span class='ocr_line' id='line_1_3' title="bbox 403 1053 1979 1162; baseline 0.007 -46"><span class='ocrx_word' id='word_1_13' title='bbox 403 1053 527 1138; x_wconf 87' lang='lat' dir='ltr'>magnis</span> <span class='ocrx_word' id='word_1_14' title='bbox 549 1053 682 1122; x_wconf 88' lang='lat' dir='ltr'>dosibus</span> <span class='ocrx_word' id='word_1_15' title='bbox 696 1059 850 1162; x_wconf 78' lang='lat' dir='ltr'>praebitis</span> <span class='ocrx_word' id='word_1_16' title='bbox 866 1060 1029 1126; x_wconf 83' lang='lat' dir='ltr'>celerrime</span> <span class='ocrx_word' id='word_1_17' title='bbox 1042 1061 1210 1149; x_wconf 77' lang='lat' dir='ltr'>effiagiunt,</span> <span class='ocrx_word' id='word_1_18' title='bbox 1231 1063 1444 1147; x_wconf 76' lang='lat' dir='ltr'>animaliaque</span> <span class='ocrx_word' id='word_1_19' title='bbox 1458 1072 1527 1128; x_wconf 93' lang='lat' dir='ltr'>tum</span> <span class='ocrx_word' id='word_1_20' title='bbox 1540 1075 1627 1131; x_wconf 90' lang='lat' dir='ltr'>statu</span> <span class='ocrx_word' id='word_1_21' title='bbox 1641 1065 1820 1152; x_wconf 87' lang='lat' dir='ltr'>lethargico</span> <span class='ocrx_word' id='word_1_22' title='bbox 1835 1074 1979 1146; x_wconf 86' lang='lat' dir='ltr'>utuntur,</span> 
     </span>
    </p>
   </div>
   <div class='ocr_carea' id='block_1_4' title="bbox 384 1195 1979 3424">
    <p class='ocr_par' dir='ltr' id='par_1_4' title="bbox 384 1195 1979 3424">
     <span class='ocr_line' id='line_1_4' title="bbox 401 1195 1979 1292; baseline 0.01 -37"><span class='ocrx_word' id='word_1_23' title='bbox 401 1215 461 1257; x_wconf 91' lang='lat' dir='ltr'>nec</span> <span class='ocrx_word' id='word_1_24' title='bbox 481 1195 534 1259; x_wconf 93' lang='lat' dir='ltr'>vel</span> <span class='ocrx_word' id='word_1_25' title='bbox 555 1197 753 1265; x_wconf 82' lang='lat' dir='ltr'>vehementia</span> <span class='ocrx_word' id='word_1_26' title='bbox 773 1202 971 1269; x_wconf 87' lang='lat' dir='ltr'>irritamenta</span> <span class='ocrx_word' id='word_1_27' title='bbox 991 1214 1098 1271; x_wconf 87' lang='lat' dir='ltr'>motus</span> <span class='ocrx_word' id='word_1_28' title='bbox 1119 1216 1298 1292; x_wconf 89' lang='lat' dir='ltr'>provocant</span> <span class='ocrx_word' id='word_1_29' title='bbox 1323 1206 1531 1273; x_wconf 87' lang='lat' dir='ltr'>reflexiorios.</span> <span class='ocrx_word' id='word_1_30' title='bbox 1574 1207 1702 1272; x_wconf 90' lang='lat' dir='ltr'>Interea</span> <span class='ocrx_word' id='word_1_31' title='bbox 1728 1206 1919 1272; x_wconf 82' lang='lat' dir='ltr'>animalibus</span> <span class='ocrx_word' id='word_1_32' title='bbox 1946 1208 1979 1271; x_wconf 92' lang='lat' dir='ltr'>in</span> 
     </span>
     <span class='ocr_line' id='line_1_5' title="bbox 401 1330 1977 1435; baseline 0.01 -38"><span class='ocrx_word' id='word_1_33' title='bbox 401 1332 499 1402; x_wconf 87' lang='lat' dir='ltr'>dorso</span> <span class='ocrx_word' id='word_1_34' title='bbox 521 1342 692 1426; x_wconf 25' lang='lat' dir='ltr'>positis&#39;in</span> <span class='ocrx_word' id='word_1_35' title='bbox 704 1330 895 1433; x_wconf 34' lang='lat' dir='ltr'>&#39;trepidante</span> <span class='ocrx_word' id='word_1_36' title='bbox 916 1346 1041 1433; x_wconf 81' lang='lat' dir='ltr'>speculi</span> <span class='ocrx_word' id='word_1_37' title='bbox 1061 1347 1265 1435; x_wconf 83' lang='lat' dir='ltr'>imaguncula</span> <span class='ocrx_word' id='word_1_38' title='bbox 1285 1350 1369 1415; x_wconf 91' lang='lat' dir='ltr'>cutis</span> <span class='ocrx_word' id='word_1_39' title='bbox 1389 1349 1602 1428; x_wconf 81' lang='lat' dir='ltr'>humectatae,</span> <span class='ocrx_word' id='word_1_40' title='bbox 1630 1370 1686 1412; x_wconf 91' lang='lat' dir='ltr'>cor</span> <span class='ocrx_word' id='word_1_41' title='bbox 1707 1349 1824 1434; x_wconf 88' lang='lat' dir='ltr'>agitari</span> <span class='ocrx_word' id='word_1_42' title='bbox 1839 1371 1905 1412; x_wconf 94' lang='lat' dir='ltr'>non</span> <span class='ocrx_word' id='word_1_43' title='bbox 1921 1347 1977 1412; x_wconf 91' lang='lat' dir='ltr'>de·</span> 
     </span>
     <span class='ocr_line' id='line_1_6' title="bbox 400 1475 1978 1579; baseline 0.01 -40"><span class='ocrx_word' id='word_1_44' title='bbox 400 1475 514 1545; x_wconf 82' lang='lat' dir='ltr'>sistere</span> <span class='ocrx_word' id='word_1_45' title='bbox 536 1483 588 1547; x_wconf 89' lang='lat' dir='ltr'>vel</span> <span class='ocrx_word' id='word_1_46' title='bbox 608 1485 751 1555; x_wconf 81' lang='lat' dir='ltr'>thoracis</span> <span class='ocrx_word' id='word_1_47' title='bbox 773 1512 853 1555; x_wconf 90' lang='lat' dir='ltr'>cavo</span> <span class='ocrx_word' id='word_1_48' title='bbox 876 1488 987 1554; x_wconf 86' lang='lat' dir='ltr'>clauso</span> <span class='ocrx_word' id='word_1_49' title='bbox 1006 1490 1100 1555; x_wconf 89' lang='lat' dir='ltr'>facile</span> <span class='ocrx_word' id='word_1_50' title='bbox 1121 1489 1369 1576; x_wconf 83' lang='lat' dir='ltr'>animadvertas,</span> <span class='ocrx_word' id='word_1_51' title='bbox 1390 1501 1620 1579; x_wconf 85' lang='lat' dir='ltr'>praetereaque</span> <span class='ocrx_word' id='word_1_52' title='bbox 1634 1489 1840 1574; x_wconf 88' lang='lat' dir='ltr'>microscopii</span> <span class='ocrx_word' id='word_1_53' title='bbox 1853 1489 1978 1556; x_wconf 75' lang='lat' dir='ltr'>&#39;auxilio</span> 
     </span>
     <span class='ocr_line' id='line_1_7' title="bbox 399 1620 1978 1721; baseline 0.009 -38"><span class='ocrx_word' id='word_1_54' title='bbox 399 1620 430 1685; x_wconf 92' lang='lat' dir='ltr'>in</span> <span class='ocrx_word' id='word_1_55' title='bbox 451 1624 678 1711; x_wconf 86' lang='lat' dir='ltr'>integumentis</span> <span class='ocrx_word' id='word_1_56' title='bbox 699 1630 870 1718; x_wconf 86' lang='lat' dir='ltr'>pellucidis</span> <span class='ocrx_word' id='word_1_57' title='bbox 892 1632 977 1696; x_wconf 91' lang='lat' dir='ltr'>intra</span> <span class='ocrx_word' id='word_1_58' title='bbox 997 1629 1118 1718; x_wconf 86' lang='lat' dir='ltr'>digitos</span> <span class='ocrx_word' id='word_1_59' title='bbox 1139 1633 1233 1720; x_wconf 92' lang='lat' dir='ltr'>pedis</span> <span class='ocrx_word' id='word_1_60' title='bbox 1255 1635 1405 1721; x_wconf 82' lang='lat' dir='ltr'>expansis</span> <span class='ocrx_word' id='word_1_61' title='bbox 1427 1633 1616 1720; x_wconf 89' lang='lat' dir='ltr'>sanguinem</span> <span class='ocrx_word' id='word_1_62' title='bbox 1637 1633 1766 1697; x_wconf 89' lang='lat' dir='ltr'>omnino</span> <span class='ocrx_word' id='word_1_63' title='bbox 1788 1631 1978 1719; x_wconf 87' lang='lat' dir='ltr'>regulariter</span> 
     </span>
     <span class='ocr_line' id='line_1_8' title="bbox 398 1767 1977 1862; baseline 0.007 -32"><span class='ocrx_word' id='word_1_64' title='bbox 398 1767 430 1831; x_wconf 93' lang='lat' dir='ltr'>in</span> <span class='ocrx_word' id='word_1_65' title='bbox 455 1771 541 1836; x_wconf 87' lang='lat' dir='ltr'>vasis</span> <span class='ocrx_word' id='word_1_66' title='bbox 569 1774 777 1860; x_wconf 83' lang='lat' dir='ltr'>capillaribus</span> <span class='ocrx_word' id='word_1_67' title='bbox 799 1773 975 1862; x_wconf 89' lang='lat' dir='ltr'>procedere</span> <span class='ocrx_word' id='word_1_68' title='bbox 996 1772 1117 1839; x_wconf 87' lang='lat' dir='ltr'>videas.</span> <span class='ocrx_word' id='word_1_69' title='bbox 1155 1774 1257 1841; x_wconf 88' lang='lat' dir='ltr'>Haud</span> <span class='ocrx_word' id='word_1_70' title='bbox 1276 1777 1322 1842; x_wconf 90' lang='lat' dir='ltr'>ita</span> <span class='ocrx_word' id='word_1_71' title='bbox 1347 1776 1448 1841; x_wconf 91' lang='lat' dir='ltr'>multo</span> <span class='ocrx_word' id='word_1_72' title='bbox 1474 1786 1550 1862; x_wconf 91' lang='lat' dir='ltr'>post</span> <span class='ocrx_word' id='word_1_73' title='bbox 1577 1778 1669 1841; x_wconf 89' lang='lat' dir='ltr'>nervi</span> <span class='ocrx_word' id='word_1_74' title='bbox 1695 1776 1836 1862; x_wconf 86' lang='lat' dir='ltr'>spinales</span> <span class='ocrx_word' id='word_1_75' title='bbox 1865 1777 1977 1842; x_wconf 86' lang='lat' dir='ltr'>nudati</span> 
     </span>
     <span class='ocr_line' id='line_1_9' title="bbox 395 1914 1977 2005; baseline 0.007 -30"><span class='ocrx_word' id='word_1_76' title='bbox 395 1914 463 1976; x_wconf 87' lang='lat' dir='ltr'>sive</span> <span class='ocrx_word' id='word_1_77' title='bbox 488 1915 672 1982; x_wconf 89' lang='lat' dir='ltr'>mechaniee</span> <span class='ocrx_word' id='word_1_78' title='bbox 699 1919 767 1983; x_wconf 91' lang='lat' dir='ltr'>sive</span> <span class='ocrx_word' id='word_1_79' title='bbox 794 1917 963 2005; x_wconf 86' lang='lat' dir='ltr'>galvanice</span> <span class='ocrx_word' id='word_1_80' title='bbox 991 1917 1122 1982; x_wconf 87' lang='lat' dir='ltr'>excitati</span> <span class='ocrx_word' id='word_1_81' title='bbox 1149 1918 1256 1984; x_wconf 88' lang='lat' dir='ltr'>nullas</span> <span class='ocrx_word' id='word_1_82' title='bbox 1283 1929 1465 2005; x_wconf 88' lang='lat' dir='ltr'>provocant</span> <span class='ocrx_word' id='word_1_83' title='bbox 1488 1919 1708 1984; x_wconf 89' lang='lat' dir='ltr'>musculorum</span> <span class='ocrx_word' id='word_1_84' title='bbox 1729 1921 1977 2002; x_wconf 78' lang='lat' dir='ltr'>contractiones,</span> 
     </span>
     <span class='ocr_line' id='line_1_10' title="bbox 393 2059 1976 2150; baseline 0.006 -32"><span class='ocrx_word' id='word_1_85' title='bbox 393 2067 506 2120; x_wconf 90' lang='lat' dir='ltr'>contra</span> <span class='ocrx_word' id='word_1_86' title='bbox 526 2081 603 2123; x_wconf 90' lang='lat' dir='ltr'>vero</span> <span class='ocrx_word' id='word_1_87' title='bbox 625 2060 762 2126; x_wconf 92' lang='lat' dir='ltr'>musculi</span> <span class='ocrx_word' id='word_1_88' title='bbox 783 2059 836 2126; x_wconf 95' lang='lat' dir='ltr'>vel</span> <span class='ocrx_word' id='word_1_89' title='bbox 859 2060 1018 2126; x_wconf 88' lang='lat' dir='ltr'>levissime</span> <span class='ocrx_word' id='word_1_90' title='bbox 1045 2060 1162 2124; x_wconf 90' lang='lat' dir='ltr'>irritati</span> <span class='ocrx_word' id='word_1_91' title='bbox 1190 2061 1466 2126; x_wconf 88' lang='lat' dir='ltr'>vehementissime</span> <span class='ocrx_word' id='word_1_92' title='bbox 1495 2062 1738 2127; x_wconf 89' lang='lat' dir='ltr'>contrahuntur.</span> <span class='ocrx_word' id='word_1_93' title='bbox 1795 2064 1902 2150; x_wconf 88' lang='lat' dir='ltr'>Hujus</span> <span class='ocrx_word' id='word_1_94' title='bbox 1930 2065 1976 2128; x_wconf 91' lang='lat' dir='ltr'>rei</span> 
     </span>
     <span class='ocr_line' id='line_1_11' title="bbox 393 2201 1977 2291; baseline 0.005 -29"><span class='ocrx_word' id='word_1_95' title='bbox 393 2221 524 2264; x_wconf 80' lang='lat' dir='ltr'>causam</span> <span class='ocrx_word' id='word_1_96' title='bbox 551 2213 687 2267; x_wconf 89' lang='lat' dir='ltr'>mortem</span> <span class='ocrx_word' id='word_1_97' title='bbox 715 2227 736 2267; x_wconf 90' lang='lat' dir='ltr'>a</span> <span class='ocrx_word' id='word_1_98' title='bbox 763 2213 876 2268; x_wconf 89' lang='lat' dir='ltr'>centro</span> <span class='ocrx_word' id='word_1_99' title='bbox 902 2201 945 2266; x_wconf 87' lang='lat' dir='ltr'>ad</span> <span class='ocrx_word' id='word_1_100' title='bbox 972 2202 1188 2289; x_wconf 91' lang='lat' dir='ltr'>peripheriam</span> <span class='ocrx_word' id='word_1_101' title='bbox 1212 2212 1400 2290; x_wconf 89' lang='lat' dir='ltr'>pergentem</span> <span class='ocrx_word' id='word_1_102' title='bbox 1428 2201 1545 2266; x_wconf 87' lang='lat' dir='ltr'>hahere</span> <span class='ocrx_word' id='word_1_103' title='bbox 1566 2213 1780 2286; x_wconf 78' lang='lat' dir='ltr'>certauerunt,</span> <span class='ocrx_word' id='word_1_104' title='bbox 1808 2218 1977 2291; x_wconf 86' lang='lat' dir='ltr'>praeterea</span> 
     </span>
     <span class='ocr_line' id='line_1_12' title="bbox 393 2344 1974 2430; baseline 0.007 -28"><span class='ocrx_word' id='word_1_105' title='bbox 393 2362 549 2405; x_wconf 91' lang='lat' dir='ltr'>venenum</span> <span class='ocrx_word' id='word_1_106' title='bbox 570 2365 629 2428; x_wconf 90' lang='lat' dir='ltr'>per</span> <span class='ocrx_word' id='word_1_107' title='bbox 649 2346 838 2430; x_wconf 85' lang='lat' dir='ltr'>sanguinem</span> <span class='ocrx_word' id='word_1_108' title='bbox 858 2369 924 2410; x_wconf 89' lang='lat' dir='ltr'>non</span> <span class='ocrx_word' id='word_1_109' title='bbox 946 2344 1102 2411; x_wconf 88' lang='lat' dir='ltr'>directam</span> <span class='ocrx_word' id='word_1_110' title='bbox 1123 2345 1272 2412; x_wconf 87' lang='lat' dir='ltr'>exhibere</span> <span class='ocrx_word' id='word_1_111' title='bbox 1295 2347 1360 2410; x_wconf 89' lang='lat' dir='ltr'>vim</span> <span class='ocrx_word' id='word_1_112' title='bbox 1381 2345 1413 2408; x_wconf 90' lang='lat' dir='ltr'>in</span> <span class='ocrx_word' id='word_1_113' title='bbox 1434 2366 1551 2408; x_wconf 86' lang='lat' dir='ltr'>nervos</span> <span class='ocrx_word' id='word_1_114' title='bbox 1572 2344 1808 2430; x_wconf 80' lang='lat' dir='ltr'>periphericos,</span> <span class='ocrx_word' id='word_1_115' title='bbox 1837 2347 1896 2412; x_wconf 90' lang='lat' dir='ltr'>sed</span> <span class='ocrx_word' id='word_1_116' title='bbox 1918 2371 1974 2412; x_wconf 86' lang='lat' dir='ltr'>eos</span> 
     </span>
     <span class='ocr_line' id='line_1_13' title="bbox 392 2484 1975 2576; baseline 0.006 -30"><span class='ocrx_word' id='word_1_117' title='bbox 392 2505 411 2546; x_wconf 89' lang='lat' dir='ltr'>a</span> <span class='ocrx_word' id='word_1_118' title='bbox 439 2494 551 2549; x_wconf 89' lang='lat' dir='ltr'>centro</span> <span class='ocrx_word' id='word_1_119' title='bbox 582 2493 708 2550; x_wconf 90' lang='lat' dir='ltr'>tantum</span> <span class='ocrx_word' id='word_1_120' title='bbox 734 2487 818 2552; x_wconf 90' lang='lat' dir='ltr'>affici</span> <span class='ocrx_word' id='word_1_121' title='bbox 845 2489 1019 2552; x_wconf 76' lang='lat' dir='ltr'>Koellt’lcero</span> <span class='ocrx_word' id='word_1_122' title='bbox 1046 2511 1175 2574; x_wconf 89' lang='lat' dir='ltr'>quoque</span> <span class='ocrx_word' id='word_1_123' title='bbox 1204 2488 1371 2575; x_wconf 85' lang='lat' dir='ltr'>probatur.</span> <span class='ocrx_word' id='word_1_124' title='bbox 1425 2484 1524 2568; x_wconf 84' lang='lat' dir='ltr'>Quod</span> <span class='ocrx_word' id='word_1_125' title='bbox 1550 2486 1593 2551; x_wconf 92' lang='lat' dir='ltr'>ad</span> <span class='ocrx_word' id='word_1_126' title='bbox 1619 2511 1752 2575; x_wconf 85' lang='lat' dir='ltr'>magnas</span> <span class='ocrx_word' id='word_1_127' title='bbox 1785 2486 1975 2576; x_wconf 79' lang='lat' dir='ltr'>Strychnini</span> 
     </span>
     <span class='ocr_line' id='line_1_14' title="bbox 390 2627 1974 2719; baseline 0.004 -28"><span class='ocrx_word' id='word_1_128' title='bbox 390 2627 499 2693; x_wconf 88' lang='lat' dir='ltr'>uitrici</span> <span class='ocrx_word' id='word_1_129' title='bbox 519 2628 616 2696; x_wconf 88' lang='lat' dir='ltr'>doses</span> <span class='ocrx_word' id='word_1_130' title='bbox 645 2627 761 2692; x_wconf 87' lang='lat' dir='ltr'>attinet</span> <span class='ocrx_word' id='word_1_131' title='bbox 788 2627 841 2692; x_wconf 94' lang='lat' dir='ltr'>hic</span> <span class='ocrx_word' id='word_1_132' title='bbox 863 2629 1083 2694; x_wconf 77' lang='lat' dir='ltr'>contradicere</span> <span class='ocrx_word' id='word_1_133' title='bbox 1104 2653 1308 2715; x_wconf 88' lang='lat' dir='ltr'>nequaquam</span> <span class='ocrx_word' id='word_1_134' title='bbox 1330 2628 1461 2711; x_wconf 87' lang='lat' dir='ltr'>dubito,</span> <span class='ocrx_word' id='word_1_135' title='bbox 1488 2628 1677 2715; x_wconf 88' lang='lat' dir='ltr'>plerumque</span> <span class='ocrx_word' id='word_1_136' title='bbox 1699 2633 1767 2716; x_wconf 92' lang='lat' dir='ltr'>jam</span> <span class='ocrx_word' id='word_1_137' title='bbox 1794 2657 1897 2719; x_wconf 90' lang='lat' dir='ltr'>grano</span> <span class='ocrx_word' id='word_1_138' title='bbox 1924 2633 1974 2698; x_wconf 88' lang='lat' dir='ltr'>di·</span> 
     </span>
     <span class='ocr_line' id='line_1_15' title="bbox 387 2767 1973 2859; baseline 0.009 -29"><span class='ocrx_word' id='word_1_139' title='bbox 387 2767 486 2833; x_wconf 91' lang='lat' dir='ltr'>midio</span> <span class='ocrx_word' id='word_1_140' title='bbox 507 2767 696 2859; x_wconf 86' lang='lat' dir='ltr'>Strychnini</span> <span class='ocrx_word' id='word_1_141' title='bbox 716 2771 825 2836; x_wconf 88' lang='lat' dir='ltr'>nitrici</span> <span class='ocrx_word' id='word_1_142' title='bbox 845 2770 893 2836; x_wconf 93' lang='lat' dir='ltr'>illi</span> <span class='ocrx_word' id='word_1_143' title='bbox 914 2781 1048 2837; x_wconf 83' lang='lat' dir='ltr'>eventus</span> <span class='ocrx_word' id='word_1_144' title='bbox 1060 2772 1282 2856; x_wconf 88' lang='lat' dir='ltr'>impetrantur.</span> <span class='ocrx_word' id='word_1_145' title='bbox 1305 2771 1379 2836; x_wconf 83' lang='lat' dir='ltr'>Etsi</span> <span class='ocrx_word' id='word_1_146' title='bbox 1389 2791 1506 2835; x_wconf 91' lang='lat' dir='ltr'>nervus</span> <span class='ocrx_word' id='word_1_147' title='bbox 1521 2780 1596 2835; x_wconf 91' lang='lat' dir='ltr'>ante</span> <span class='ocrx_word' id='word_1_148' title='bbox 1609 2771 1797 2839; x_wconf 87' lang='lat' dir='ltr'>veneficium</span> <span class='ocrx_word' id='word_1_149' title='bbox 1813 2776 1973 2843; x_wconf 82' lang='lat' dir='ltr'>dissectus</span> 
     </span>
     <span class='ocr_line' id='line_1_16' title="bbox 390 2911 1973 3007; baseline -0.001 -26"><span class='ocrx_word' id='word_1_150' title='bbox 390 2917 487 3004; x_wconf 92' lang='lat' dir='ltr'>paulo</span> <span class='ocrx_word' id='word_1_151' title='bbox 509 2915 631 2979; x_wconf 89' lang='lat' dir='ltr'>diutius</span> <span class='ocrx_word' id='word_1_152' title='bbox 653 2914 903 2980; x_wconf 88' lang='lat' dir='ltr'>irritabilitatem</span> <span class='ocrx_word' id='word_1_153' title='bbox 924 2915 1053 2996; x_wconf 88' lang='lat' dir='ltr'>retinet,</span> <span class='ocrx_word' id='word_1_154' title='bbox 1077 2935 1175 2997; x_wconf 88' lang='lat' dir='ltr'>quam</span> <span class='ocrx_word' id='word_1_155' title='bbox 1195 2911 1329 2977; x_wconf 88' lang='lat' dir='ltr'>alterius</span> <span class='ocrx_word' id='word_1_156' title='bbox 1350 2911 1460 2976; x_wconf 88' lang='lat' dir='ltr'>lateris</span> <span class='ocrx_word' id='word_1_157' title='bbox 1479 2933 1598 2976; x_wconf 87' lang='lat' dir='ltr'>nervus</span> <span class='ocrx_word' id='word_1_158' title='bbox 1619 2933 1692 2976; x_wconf 90' lang='lat' dir='ltr'>cnm</span> <span class='ocrx_word' id='word_1_159' title='bbox 1706 2923 1817 2980; x_wconf 89' lang='lat' dir='ltr'>centro</span> <span class='ocrx_word' id='word_1_160' title='bbox 1831 2937 1973 3007; x_wconf 77' lang='lat' dir='ltr'>commu·</span> 
     </span>
     <span class='ocr_line' id='line_1_17' title="bbox 387 3050 1974 3144; baseline 0.001 -24"><span class='ocrx_word' id='word_1_161' title='bbox 387 3061 510 3142; x_wconf 80' lang='lat' dir='ltr'>nioana,</span> <span class='ocrx_word' id='word_1_162' title='bbox 531 3077 636 3141; x_wconf 89' lang='lat' dir='ltr'>neque</span> <span class='ocrx_word' id='word_1_163' title='bbox 657 3053 780 3118; x_wconf 88' lang='lat' dir='ltr'>tamdiu</span> <span class='ocrx_word' id='word_1_164' title='bbox 800 3076 897 3138; x_wconf 88' lang='lat' dir='ltr'>quam</span> <span class='ocrx_word' id='word_1_165' title='bbox 918 3076 1040 3118; x_wconf 92' lang='lat' dir='ltr'>veneno</span> <span class='ocrx_word' id='word_1_166' title='bbox 1065 3075 1130 3117; x_wconf 92' lang='lat' dir='ltr'>non</span> <span class='ocrx_word' id='word_1_167' title='bbox 1157 3050 1292 3118; x_wconf 80' lang='lat' dir='ltr'>affectus</span> <span class='ocrx_word' id='word_1_168' title='bbox 1318 3076 1389 3118; x_wconf 90' lang='lat' dir='ltr'>eam</span> <span class='ocrx_word' id='word_1_169' title='bbox 1414 3053 1593 3118; x_wconf 76' lang='lat' dir='ltr'>retinuerit.</span> <span class='ocrx_word' id='word_1_170' title='bbox 1635 3056 1688 3119; x_wconf 82' lang='lat' dir='ltr'>Ac</span> <span class='ocrx_word' id='word_1_171' title='bbox 1714 3054 1803 3120; x_wconf 90' lang='lat' dir='ltr'>brevi</span> <span class='ocrx_word' id='word_1_172' title='bbox 1829 3067 1974 3144; x_wconf 82' lang='lat' dir='ltr'>tempore</span> 
     </span>
     <span class='ocr_line' id='line_1_18' title="bbox 384 3194 1973 3290; baseline -0.003 -24"><span class='ocrx_word' id='word_1_173' title='bbox 384 3203 576 3290; x_wconf 87' lang='lat' dir='ltr'>plerumque</span> <span class='ocrx_word' id='word_1_174' title='bbox 595 3205 672 3284; x_wconf 86' lang='lat' dir='ltr'>post</span> <span class='ocrx_word' id='word_1_175' title='bbox 693 3195 792 3261; x_wconf 84' lang='lat' dir='ltr'>horae</span> <span class='ocrx_word' id='word_1_176' title='bbox 811 3194 1022 3280; x_wconf 87' lang='lat' dir='ltr'>quadrantem</span> <span class='ocrx_word' id='word_1_177' title='bbox 1041 3216 1159 3260; x_wconf 89' lang='lat' dir='ltr'>nervus</span> <span class='ocrx_word' id='word_1_178' title='bbox 1181 3202 1256 3257; x_wconf 88' lang='lat' dir='ltr'>ante</span> <span class='ocrx_word' id='word_1_179' title='bbox 1282 3196 1492 3282; x_wconf 85' lang='lat' dir='ltr'>experimenti</span> <span class='ocrx_word' id='word_1_180' title='bbox 1513 3196 1639 3260; x_wconf 91' lang='lat' dir='ltr'>initium</span> <span class='ocrx_word' id='word_1_181' title='bbox 1660 3195 1821 3261; x_wconf 86' lang='lat' dir='ltr'>dissectus</span> <span class='ocrx_word' id='word_1_182' title='bbox 1844 3196 1973 3261; x_wconf 89' lang='lat' dir='ltr'>omnino</span> 
     </span>
     <span class='ocr_line' id='line_1_19' title="bbox 386 3334 1972 3424; baseline -0.006 -13"><span class='ocrx_word' id='word_1_183' title='bbox 386 3345 575 3411; x_wconf 88' lang='lat' dir='ltr'>demortuus</span> <span class='ocrx_word' id='word_1_184' title='bbox 589 3350 663 3422; x_wconf 82' lang='lat' dir='ltr'>est,</span> <span class='ocrx_word' id='word_1_185' title='bbox 696 3361 800 3421; x_wconf 86' lang='lat' dir='ltr'>neque</span> <span class='ocrx_word' id='word_1_186' title='bbox 826 3336 965 3423; x_wconf 70' lang='lat' dir='ltr'>irritatio</span> <span class='ocrx_word' id='word_1_187' title='bbox 991 3334 1175 3400; x_wconf 86' lang='lat' dir='ltr'>mechanica</span> <span class='ocrx_word' id='word_1_188' title='bbox 1207 3357 1313 3420; x_wconf 90' lang='lat' dir='ltr'>neque</span> <span class='ocrx_word' id='word_1_189' title='bbox 1339 3337 1508 3423; x_wconf 87' lang='lat' dir='ltr'>galvanica</span> <span class='ocrx_word' id='word_1_190' title='bbox 1536 3337 1700 3402; x_wconf 89' lang='lat' dir='ltr'>musculos</span> <span class='ocrx_word' id='word_1_191' title='bbox 1728 3337 1770 3402; x_wconf 88' lang='lat' dir='ltr'>ad</span> <span class='ocrx_word' id='word_1_192' title='bbox 1797 3361 1870 3404; x_wconf 90' lang='lat' dir='ltr'>eum</span> <span class='ocrx_word' id='word_1_193' title='bbox 1897 3362 1972 3424; x_wconf 91' lang='lat' dir='ltr'>per-</span> 
     </span>
    </p>
   </div>
   <div class='ocr_carea' id='block_1_5' title="bbox 385 3477 1093 3568">
    <p class='ocr_par' dir='ltr' id='par_1_5' title="bbox 385 3477 1093 3568">
     <span class='ocr_line' id='line_1_20' title="bbox 385 3477 1093 3568; baseline -0.018 -14"><span class='ocrx_word' id='word_1_194' title='bbox 385 3489 523 3553; x_wconf 85' lang='lat' dir='ltr'>tinentes</span> <span class='ocrx_word' id='word_1_195' title='bbox 544 3479 588 3547; x_wconf 82' lang='lat' dir='ltr'>ad</span> <span class='ocrx_word' id='word_1_196' title='bbox 608 3478 770 3568; x_wconf 84' lang='lat' dir='ltr'>agendum</span> <span class='ocrx_word' id='word_1_197' title='bbox 789 3477 955 3565; x_wconf 90' lang='lat' dir='ltr'>impellere</span> <span class='ocrx_word' id='word_1_198' title='bbox 975 3487 1093 3564; x_wconf 80' lang='lat' dir='ltr'>potest</span> 
     </span>
    </p>
   </div>
   <div class='ocr_carea' id='block_1_6' title="bbox 382 3702 1970 4209">
    <p class='ocr_par' dir='ltr' id='par_1_6' title="bbox 382 3702 1970 4209">
     <span class='ocr_line' id='line_1_21' title="bbox 487 3702 1970 3793; baseline -0.004 -19"><span class='ocrx_word' id='word_1_199' title='bbox 487 3705 610 3777; x_wconf 84' lang='lat' dir='ltr'>Similis</span> <span class='ocrx_word' id='word_1_200' title='bbox 631 3704 762 3791; x_wconf 91' lang='lat' dir='ltr'>quidem</span> <span class='ocrx_word' id='word_1_201' title='bbox 782 3702 925 3768; x_wconf 89' lang='lat' dir='ltr'>Coniinii</span> <span class='ocrx_word' id='word_1_202' title='bbox 944 3703 1154 3787; x_wconf 88' lang='lat' dir='ltr'>Bruciuiique</span> <span class='ocrx_word' id='word_1_203' title='bbox 1175 3705 1225 3770; x_wconf 89' lang='lat' dir='ltr'>vis</span> <span class='ocrx_word' id='word_1_204' title='bbox 1244 3705 1322 3786; x_wconf 87' lang='lat' dir='ltr'>fuit,</span> <span class='ocrx_word' id='word_1_205' title='bbox 1349 3704 1408 3770; x_wconf 88' lang='lat' dir='ltr'>sed</span> <span class='ocrx_word' id='word_1_206' title='bbox 1428 3705 1648 3793; x_wconf 89' lang='lat' dir='ltr'>phaenomena</span> <span class='ocrx_word' id='word_1_207' title='bbox 1667 3708 1814 3773; x_wconf 82' lang='lat' dir='ltr'>tetanica-</span> <span class='ocrx_word' id='word_1_208' title='bbox 1826 3716 1885 3770; x_wconf 90' lang='lat' dir='ltr'>aut</span> <span class='ocrx_word' id='word_1_209' title='bbox 1904 3705 1970 3769; x_wconf 81' lang='lat' dir='ltr'>fere</span> 
     </span>
     <span class='ocr_line' id='line_1_22' title="bbox 384 3841 1970 3935; baseline -0.01 -11"><span class='ocrx_word' id='word_1_210' title='bbox 384 3853 567 3923; x_wconf 86' lang='lat' dir='ltr'>desiderata</span> <span class='ocrx_word' id='word_1_211' title='bbox 586 3856 663 3915; x_wconf 88' lang='lat' dir='ltr'>sunt</span> <span class='ocrx_word' id='word_1_212' title='bbox 682 3855 740 3912; x_wconf 89' lang='lat' dir='ltr'>aut</span> <span class='ocrx_word' id='word_1_213' title='bbox 759 3845 924 3911; x_wconf 87' lang='lat' dir='ltr'>celerrime</span> <span class='ocrx_word' id='word_1_214' title='bbox 946 3844 1189 3931; x_wconf 84' lang='lat' dir='ltr'>praeterierunt</span> <span class='ocrx_word' id='word_1_215' title='bbox 1240 3841 1388 3925; x_wconf 82' lang='lat' dir='ltr'>Quarum</span> <span class='ocrx_word' id='word_1_216' title='bbox 1414 3849 1447 3912; x_wconf 92' lang='lat' dir='ltr'>in</span> <span class='ocrx_word' id='word_1_217' title='bbox 1478 3873 1515 3915; x_wconf 90' lang='lat' dir='ltr'>os</span> <span class='ocrx_word' id='word_1_218' title='bbox 1542 3850 1686 3935; x_wconf 90' lang='lat' dir='ltr'>quinque</span> <span class='ocrx_word' id='word_1_219' title='bbox 1708 3847 1836 3915; x_wconf 90' lang='lat' dir='ltr'>Coniini</span> <span class='ocrx_word' id='word_1_220' title='bbox 1857 3855 1970 3932; x_wconf 88' lang='lat' dir='ltr'>guttae</span> 
     </span>
     <span class='ocr_line' id='line_1_23' title="bbox 382 3985 1969 4076; baseline -0.01 -11"><span class='ocrx_word' id='word_1_221' title='bbox 382 3996 545 4065; x_wconf 82' lang='lat' dir='ltr'>instilatae</span> <span class='ocrx_word' id='word_1_222' title='bbox 570 3999 663 4057; x_wconf 92' lang='lat' dir='ltr'>erant</span> <span class='ocrx_word' id='word_1_223' title='bbox 688 4011 786 4054; x_wconf 87' lang='lat' dir='ltr'>ranae</span> <span class='ocrx_word' id='word_1_224' title='bbox 812 3996 889 4076; x_wconf 90' lang='lat' dir='ltr'>post</span> <span class='ocrx_word' id='word_1_225' title='bbox 914 3987 953 4054; x_wconf 85' lang='lat'>15</span> <span class='ocrx_word' id='word_1_226' title='bbox 973 3985 1055 4052; x_wconf 85' lang='lat' dir='ltr'>Min.</span> <span class='ocrx_word' id='word_1_227' title='bbox 1076 3985 1274 4073; x_wconf 84' lang='lat' dir='ltr'>lethargicae</span> <span class='ocrx_word' id='word_1_228' title='bbox 1301 3997 1335 4052; x_wconf 93' lang='lat' dir='ltr'>et</span> <span class='ocrx_word' id='word_1_229' title='bbox 1360 3989 1464 4056; x_wconf 89' lang='lat' dir='ltr'>tribus</span> <span class='ocrx_word' id='word_1_230' title='bbox 1491 3990 1580 4055; x_wconf 91' lang='lat' dir='ltr'>horis</span> <span class='ocrx_word' id='word_1_231' title='bbox 1606 3998 1682 4075; x_wconf 87' lang='lat' dir='ltr'>post</span> <span class='ocrx_word' id='word_1_232' title='bbox 1700 3988 1796 4075; x_wconf 86' lang='lat' dir='ltr'>plane</span> <span class='ocrx_word' id='word_1_233' title='bbox 1824 3996 1969 4051; x_wconf 88' lang='lat' dir='ltr'>mortuae</span> 
     </span>
     <span class='ocr_line' id='line_1_24' title="bbox 382 4107 1969 4209; baseline -0.011 0"><span class='ocrx_word' id='word_1_234' title='bbox 382 4150 473 4209; x_wconf 89' lang='lat' dir='ltr'>erant</span> <span class='ocrx_word' id='word_1_235' title='bbox 493 4160 553 4204; x_wconf 92' lang='lat' dir='ltr'>nec</span> <span class='ocrx_word' id='word_1_236' title='bbox 570 4155 680 4200; x_wconf 90' lang='lat' dir='ltr'>earum</span> <span class='ocrx_word' id='word_1_237' title='bbox 698 4131 789 4195; x_wconf 87' lang='lat' dir='ltr'>nervi</span> <span class='ocrx_word' id='word_1_238' title='bbox 809 4130 877 4196; x_wconf 87' lang='lat' dir='ltr'>sive</span> <span class='ocrx_word' id='word_1_239' title='bbox 898 4139 993 4193; x_wconf 86' lang='lat' dir='ltr'>antea</span> <span class='ocrx_word' id='word_1_240' title='bbox 1012 4126 1156 4209; x_wconf 70' lang='lat' dir='ltr'>dissecti,</span> <span class='ocrx_word' id='word_1_241' title='bbox 1178 4127 1247 4192; x_wconf 86' lang='lat' dir='ltr'>sive</span> <span class='ocrx_word' id='word_1_242' title='bbox 1267 4107 1396 4194; x_wconf 83' lang='lat' dir='ltr'>omnino</span> <span class='ocrx_word' id='word_1_243' title='bbox 1410 4130 1524 4197; x_wconf 89' lang='lat' dir='ltr'>intacti</span> <span class='ocrx_word' id='word_1_244' title='bbox 1537 4131 1667 4197; x_wconf 89' lang='lat' dir='ltr'>excitati</span> <span class='ocrx_word' id='word_1_245' title='bbox 1681 4130 1780 4195; x_wconf 91' lang='lat' dir='ltr'>ullam</span> <span class='ocrx_word' id='word_1_246' title='bbox 1793 4128 1969 4193; x_wconf 82' lang='lat' dir='ltr'>effecertmt</span> 
     </span>
    </p>
   </div>
   <div class='ocr_carea' id='block_1_7' title="bbox 381 4265 1969 4357">
    <p class='ocr_par' dir='ltr' id='par_1_7' title="bbox 381 4265 1969 4357">
     <span class='ocr_line' id='line_1_25' title="bbox 381 4265 1969 4357; baseline -0.011 -5"><span class='ocrx_word' id='word_1_247' title='bbox 381 4279 634 4354; x_wconf 88' lang='lat' dir='ltr'>contractionem</span> <span class='ocrx_word' id='word_1_248' title='bbox 654 4272 885 4353; x_wconf 76' lang='lat' dir='ltr'>musculorum,</span> <span class='ocrx_word' id='word_1_249' title='bbox 907 4270 965 4356; x_wconf 92' lang='lat' dir='ltr'>qui</span> <span class='ocrx_word' id='word_1_250' title='bbox 985 4269 1056 4357; x_wconf 87' lang='lat' dir='ltr'>ipse</span> <span class='ocrx_word' id='word_1_251' title='bbox 1075 4265 1128 4333; x_wconf 85' lang='lat' dir='ltr'>vel</span> <span class='ocrx_word' id='word_1_252' title='bbox 1148 4265 1316 4354; x_wconf 85' lang='lat' dir='ltr'>galvanicc</span> <span class='ocrx_word' id='word_1_253' title='bbox 1338 4269 1390 4334; x_wconf 88' lang='lat' dir='ltr'>vel</span> <span class='ocrx_word' id='word_1_254' title='bbox 1405 4269 1546 4337; x_wconf 90' lang='lat' dir='ltr'>chemice</span> <span class='ocrx_word' id='word_1_255' title='bbox 1560 4272 1677 4337; x_wconf 88' lang='lat' dir='ltr'>irritati</span> <span class='ocrx_word' id='word_1_256' title='bbox 1691 4271 1969 4338; x_wconf 85' lang='lat' dir='ltr'>vehementissime</span> 
     </span>
    </p>
   </div>
   <div class='ocr_carea' id='block_1_8' title="bbox 382 4421 663 4494">
    <p class='ocr_par' dir='ltr' id='par_1_8' title="bbox 382 4421 663 4494">
     <span class='ocr_line' id='line_1_26' title="bbox 382 4421 663 4494; baseline -0.046 -3"><span class='ocrx_word' id='word_1_257' title='bbox 382 4421 663 4494; x_wconf 89' lang='lat' dir='ltr'>contrahebantur.</span> 
     </span>
    </p>
   </div>
   <div class='ocr_carea' id='block_1_9' title="bbox 378 4614 1964 4843">
    <p class='ocr_par' dir='ltr' id='par_1_9' title="bbox 378 4614 1964 4843">
     <span class='ocr_line' id='line_1_27' title="bbox 483 4614 1964 4705; baseline -0.024 -16"><span class='ocrx_word' id='word_1_258' title='bbox 483 4624 522 4688; x_wconf 92' lang='lat' dir='ltr'>In</span> <span class='ocrx_word' id='word_1_259' title='bbox 554 4617 777 4705; x_wconf 85' lang='lat' dir='ltr'>experimentis</span> <span class='ocrx_word' id='word_1_260' title='bbox 806 4616 885 4681; x_wconf 88' lang='lat' dir='ltr'>meis</span> <span class='ocrx_word' id='word_1_261' title='bbox 913 4614 1060 4680; x_wconf 88' lang='lat' dir='ltr'>Brucinii</span> <span class='ocrx_word' id='word_1_262' title='bbox 1085 4615 1246 4683; x_wconf 88' lang='lat' dir='ltr'>solutione</span> <span class='ocrx_word' id='word_1_263' title='bbox 1273 4635 1351 4678; x_wconf 85' lang='lat' dir='ltr'>usus</span> <span class='ocrx_word' id='word_1_264' title='bbox 1374 4636 1462 4697; x_wconf 86' lang='lat' dir='ltr'>sum,</span> <span class='ocrx_word' id='word_1_265' title='bbox 1497 4617 1589 4700; x_wconf 80' lang='lat' dir='ltr'>cujus</span> <span class='ocrx_word' id='word_1_266' title='bbox 1627 4615 1660 4678; x_wconf 78' lang='lat' dir='ltr'>in</span> <span class='ocrx_word' id='word_1_267' title='bbox 1701 4616 1740 4682; x_wconf 87' lang='lat'>12</span> <span class='ocrx_word' id='word_1_268' title='bbox 1761 4614 1844 4682; x_wconf 51' lang='lat' dir='ltr'>cub,</span> <span class='ocrx_word' id='word_1_269' title='bbox 1880 4626 1964 4680; x_wconf 34' lang='lat' dir='ltr'><strong>cent·</strong></span> 
     </span>
     <span class='ocr_line' id='line_1_28' title="bbox 378 4754 1964 4843; baseline -0.024 -3"><span class='ocrx_word' id='word_1_270' title='bbox 378 4774 461 4838; x_wconf 90' lang='lat' dir='ltr'>duae</span> <span class='ocrx_word' id='word_1_271' title='bbox 482 4765 566 4835; x_wconf 88' lang='lat' dir='ltr'>acidi</span> <span class='ocrx_word' id='word_1_272' title='bbox 587 4758 747 4827; x_wconf 86' lang='lat' dir='ltr'>muriatici</span> <span class='ocrx_word' id='word_1_273' title='bbox 769 4767 881 4843; x_wconf 87' lang='lat' dir='ltr'>guttae</span> <span class='ocrx_word' id='word_1_274' title='bbox 902 4756 1062 4825; x_wconf 83' lang='lat' dir='ltr'>admixtae</span> <span class='ocrx_word' id='word_1_275' title='bbox 1083 4770 1185 4839; x_wconf 76' lang='lat' dir='ltr'>erant,</span> <span class='ocrx_word' id='word_1_276' title='bbox 1207 4757 1303 4842; x_wconf 89' lang='lat' dir='ltr'>hujus</span> <span class='ocrx_word' id='word_1_277' title='bbox 1322 4760 1336 4821; x_wconf 90' lang='lat'>1</span> <span class='ocrx_word' id='word_1_278' title='bbox 1362 4754 1445 4821; x_wconf 92' lang='lat' dir='ltr'>Cub.</span> <span class='ocrx_word' id='word_1_279' title='bbox 1461 4754 1553 4821; x_wconf 83' lang='lat' dir='ltr'>Cent</span> <span class='ocrx_word' id='word_1_280' title='bbox 1568 4759 1625 4839; x_wconf 57' lang='lat' dir='ltr'>om</span> <span class='ocrx_word' id='word_1_281' title='bbox 1644 4758 1964 4843; x_wconf 61' lang='lat' dir='ltr'>gramm‚„1k2105dej</span> 
     </span>
    </p>
   </div>
   <div class='ocr_carea' id='block_1_10' title="bbox 378 4898 1964 4992">
    <p class='ocr_par' dir='ltr' id='par_1_10' title="bbox 378 4898 1964 4992">
     <span class='ocr_line' id='line_1_29' title="bbox 378 4898 1964 4992; baseline -0.011 -11"><span class='ocrx_word' id='word_1_282' title='bbox 378 4918 512 4980; x_wconf 88' lang='lat' dir='ltr'>inerant.</span> <span class='ocrx_word' id='word_1_283' title='bbox 555 4904 666 4988; x_wconf 81' lang='lat' dir='ltr'>Quum</span> <span class='ocrx_word' id='word_1_284' title='bbox 686 4905 907 4992; x_wconf 89' lang='lat' dir='ltr'>phaenomena</span> <span class='ocrx_word' id='word_1_285' title='bbox 927 4900 1082 4965; x_wconf 90' lang='lat' dir='ltr'>Brucinio</span> <span class='ocrx_word' id='word_1_286' title='bbox 1111 4898 1227 4964; x_wconf 85' lang='lat' dir='ltr'>effecta</span> <span class='ocrx_word' id='word_1_287' title='bbox 1251 4920 1329 4965; x_wconf 89' lang='lat' dir='ltr'>sane</span> <span class='ocrx_word' id='word_1_288' title='bbox 1355 4900 1468 4984; x_wconf 86' lang='lat' dir='ltr'>gravia</span> <span class='ocrx_word' id='word_1_289' title='bbox 1495 4900 1562 4963; x_wconf 91' lang='lat' dir='ltr'>sint</span> <span class='ocrx_word' id='word_1_290' title='bbox 1591 4899 1748 4985; x_wconf 81' lang='lat' dir='ltr'>valdeque</span> <span class='ocrx_word' id='word_1_291' title='bbox 1775 4901 1815 4965; x_wconf 88' lang='lat' dir='ltr'>ab</span> <span class='ocrx_word' id='word_1_292' title='bbox 1837 4898 1964 4965; x_wconf 87' lang='lat' dir='ltr'>indiciis</span> 
     </span>
    </p>
   </div>
   <div class='ocr_carea' id='block_1_11' title="bbox 0 0 2352 6216">
    <p class='ocr_par' dir='ltr' id='par_1_11' title="bbox 0 0 2352 6216">
     <span class='ocr_line' id='line_1_30' title="bbox 0 0 2352 6216; baseline 0 4"><span class='ocrx_word' id='word_1_293' title='bbox 0 0 2352 6216; x_wconf 95' lang='lat' dir='ltr'> </span> 
     </span>
    </p>
   </div>
  </div>
 </body>
</html>
