4696 6216
1158 741 1197 820 13

386 917 521 982 aliorum
543 918 740 1005 scriptorum
760 883 969 1008 abhorreant,
998 946 1081 1012 quae
1101 923 1183 990 illud
1203 926 1302 1012 paulo
1320 915 1426 1024 minus
1447 929 1554 994 valere
1575 878 1696 1011 docent
1713 951 1809 1013 quam
1828 927 1964 1019 Strycb·

385 1063 513 1147 ninum,
533 1061 630 1127 liceat
650 1063 728 1128 mibi
749 1064 931 1129 accuratius
951 1088 990 1131 ea
1010 1066 1201 1144 describere.

490 1202 648 1271 Omnibus
669 1205 858 1273 animalibus
879 1207 991 1274 eadem
1012 1209 1079 1275 sere
1099 1209 1171 1276 dosi
1189 1213 1307 1297 injecta
1327 1223 1478 1296 eventus,
1507 1215 1562 1298 qui
1584 1236 1693 1280 omnes
1707 1238 1728 1278 a
1747 1207 1853 1281 nervis
1875 1239 1963 1284 cere·

385 1352 446 1418 bro
458 1348 635 1436 spinalibus
646 1346 864 1436 dependentes
874 1351 1039 1417 musculos
1054 1352 1225 1420 debilitans
1239 1355 1401 1442 apparuit,
1416 1354 1604 1440 plerumque
1618 1355 1784 1457 nonnullis
1796 1362 1965 1428 momentis

385 1501 461 1578 post
481 1502 672 1558 consecutus
693 1503 759 1576 est,
780 1493 838 1561 sed
859 1493 957 1558 semel
979 1502 1104 1559 tantum
1123 1495 1156 1559 in
1178 1496 1323 1582 plurimis
1343 1499 1423 1563 meis
1445 1496 1722 1570 observationibus
1740 1521 1800 1565 eos
1819 1501 1963 1588 phaeno-

384 1658 477 1700 mena
497 1634 637 1699 tetanica
656 1645 908 1719 antecesserunt,
927 1636 961 1701 in
984 1637 1103 1723 quibus
1124 1646 1231 1703 tamen
1249 1639 1399 1742 omnibus
1420 1637 1637 1704 reflexibilitas
1657 1637 1752 1704 valde
1771 1654 1867 1708 aucta
1886 1666 1963 1711 con·
2054 1645 2062 1660 ⁹

384 1778 498 1866 spicue
518 1789 597 1841 erat.
620 1776 695 1841 Jam
715 1778 859 1844 animalis
880 1789 1048 1846 contactus
1068 1781 1268 1880 levissimave
1289 1783 1457 1848 concussio
1479 1781 1683 1868 (plerumque
1692 1785 1759 1868 jam
1775 1807 1886 1850 mensa
1905 1810 1963 1873 ap·

385 1931 499 2006 paratu
514 1918 570 1985 illo
585 1919 625 1983 ab
640 1920 755 1986 illustr.
769 1924 826 1986 Du
839 1927 919 1988 Beris
940 1933 1127 1990 constructo
1148 1924 1190 1988 ad
1203 1924 1291 1990 rivos
1310 1925 1495 2012 galvanicos
1508 1923 1708 1991 inducendos
1728 1925 1962 1993 vibrationibus

384 2038 498 2127 affecta
524 2059 670 2142 suffecit)
698 2065 874 2130 communis
902 2064 1129 2151 trepidationis
1158 2067 1250 2133 exilis
1276 2090 1372 2134 eausa
1396 2070 1473 2153 fuit,
1502 2093 1696 2155 quamquam
1722 2079 1758 2133 ut
1782 2071 1960 2136 contractio

385 2227 544 2270 1111111
565 2214 728 2290 estuata,
755 2205 802 2271 ita
828 2209 928 2275 totius
957 2211 1104 2296 corporis
1130 2209 1279 2297 rigiditas
1307 2210 1446 2273 tetanica
1472 2209 1566 2296 plane
1596 2208 1705 2276 defuit
1748 2209 1841 2292 Quae
1862 2236 1961 2298 quum

383 2349 428 2412 ita
450 2358 556 2412 essent
577 2369 637 2412 nec
657 2342 878 2435 respirationis
900 2374 961 2416 nec
982 2349 1203 2438 deglutitionis
1224 2361 1330 2416 motus
1350 2350 1494 2436 impediti
1516 2362 1606 2434 sunt,
1635 2352 1730 2416 immo
1751 2376 1828 2420 vero
1848 2377 1961 2441 saepe·

384 2512 516 2555 numero
537 2489 687 2554 animalia
717 2491 895 2556 coaxabant
913 2491 1102 2575 praesertim
1128 2515 1226 2577 quum
1253 2493 1505 2558 sollicitarentur
1530 2513 1698 2577 maresque
1724 2493 1846 2559 vesicas
1874 2495 1961 2560 auri·

384 2632 508 2698 culares
529 2653 659 2696 sursum
680 2633 752 2696 aere
773 2631 958 2718 implebant
1001 2629 1072 2697 Nec
1093 2635 1261 2700 eumatio
1281 2636 1446 2701 imminuta
1467 2644 1527 2716 est,
1547 2631 1647 2699 corda
1667 2654 1744 2699 vero
1765 2632 1962 2721 lymphatica

383 2775 558 2840 immobilia
574 2781 665 2839 erant
686 2787 783 2858 atque
802 2773 948 2839 mirabile
967 2774 1040 2840 visu
1060 2776 1207 2861 partibus
1227 2775 1448 2861 periphericis,
1470 2775 1521 2841 vel
1542 2773 1683 2839 medulla
1702 2773 1819 2861 spinali
1840 2775 1961 2843 directe

383 2915 529 2981 excitatis
558 2916 627 2980 rivo
654 2916 823 3001 galvanico
851 2914 957 2982 denuo
985 2916 1175 3003 pulsabant,
1207 2917 1429 2982 excitationem
1465 2941 1542 2982 1111
1574 2926 1714 3002 quatuor
1738 2916 1791 2981 vel
1817 2919 1960 3004 quinque

383 3056 617 3141 pulsationibus
648 3066 836 3141 superantes
867 3057 995 3122 sublata
1018 3061 1229 3124 excitamento
1249 3080 1313 3122 non
1334 3057 1511 3123 cessabant
1554 3053 1630 3137 Quo
1652 3057 1851 3141 frequentius
1877 3061 1960 3127 cele·

382 3199 514 3281 riusque
536 3197 605 3262 sine
625 3219 716 3262 mora
736 3197 836 3264 corda
855 3197 1052 3285 lymphatica
1071 3199 1129 3264 illa
1149 3198 1272 3264 ratione
1293 3197 1334 3262 ad
1348 3196 1535 3285 agitandum
1547 3198 1766 3284 impelluntur,
1788 3222 1826 3265 eo
1840 3201 1960 3266 certius

382 3338 621 3426 defatigationis
642 3348 748 3406 status
768 3341 959 3425 insequitur,
980 3342 1028 3406 ita
1041 3351 1078 3406 ut
1091 3341 1219 3406 maximi
1233 3350 1357 3406 tantum
1370 3341 1432 3405 rivi
1445 3341 1605 3425 galvanici
1618 3340 1790 3408 medullam
1803 3343 1959 3438 spinalem

382 3481 531 3569 perducti
557 3505 595 3546 ea
624 3505 751 3547 movere
777 3483 961 3569 possint20).
1015 3479 1124 3563 Quum
1144 3506 1241 3548 ranae
1268 3483 1448 3550 esculentae
1473 3485 1539 3562 ¹110„
1566 3504 1698 3568 gramm.
1724 3483 1870 3546 Brucinii
1901 3509 1960 3568 per

381 3651 477 3693 11111
504 3626 610 3690 infusa
638 3634 725 3689 esset
747 3635 823 3711 post
843 3626 955 3691 boram
976 3626 1088 3692 eadem
1107 3624 1291 3692 conditione
1310 3649 1369 3691 usa
1388 3635 1456 3708 est,
1488 3647 1585 3709 quam
1600 3622 1696 3688 modo
1718 3622 1958 3711 descripsimus,

382 3770 533 3852 illamque
554 3768 670 3852 viginti
692 3778 832 3852 quatuor
859 3768 947 3833 boris
973 3778 1049 3854 post
1068 3765 1154 3831 baud
1175 3790 1336 3852 quaquam
1355 3775 1549 3845 mutaverat;
1578 3775 1614 3829 ut
1640 3767 1723 3831 enirn
1749 3765 1849 3832 corda
1877 3766 1959 3855 lym·

382 3913 512 3999 phatica
536 3912 569 3975 in
595 3910 773 3975 irritatione
806 3908 1008 3996 peripherica
1038 3908 1089 3974 vel
1121 3906 1277 3973 medullae
1309 3907 1443 3994 spinalis
1476 3907 1704 3971 sollicitatione
1730 3907 1877 3994 pulsare,
1912 3909 1960 3975 sic

381 4053 491 4118 eadem
512 4053 717 4117 incitamenta
737 4050 824 4116 leves
843 4051 916 4117 illas
936 4051 1044 4116 trunci
1063 4051 1280 4116 musculorum
1300 4049 1532 4136 trepidationes
1553 4047 1692 4112 excitare
1712 4072 1776 4116 non
1798 4051 1961 4117 desierant

381 4219 441 4299 ¹uec
459 4195 684 4282 respirationis
706 4196 773 4260 sive
796 4193 1019 4280 deglutitionis
1049 4203 1155 4260 motus
1176 4193 1346 4278 quominus
1373 4192 1586 4280 procederent
1611 4189 1767 4278 prohibiti
1793 4193 1866 4260 sint
1908 4194 1959 4258 Ac

483 4538 518 4606 ²⁰)
537 4542 629 4608 Neque
647 4551 736 4592 tamen
753 4558 795 4593 me
813 4544 882 4609 fugit
898 4545 1076 4610 experimenta
1093 4557 1153 4593 mea
1170 4545 1204 4593 ab
1223 4544 1345 4608 opinione
1364 4557 1431 4607 quae
1448 4542 1505 4591 iere
1523 4542 1642 4590 omnibus
1660 4542 1788 4606 probatur
1800 4541 1959 4602 auctoribus,

379 4637 479 4685 scilicet
496 4645 613 4685 motuum
632 4642 749 4683 centrum
768 4636 877 4686 cordum
894 4637 1114 4702 lymphaticcmm
1132 4637 1159 4685 in
1176 4635 1292 4685 medulla
1310 4635 1406 4700 spinuli
1424 4635 1501 4683 sitam
1514 4647 1581 4694 esse,
1600 4632 1796 4697 quodommodo
1810 4632 1959 4682 abhorrere.

380 4726 559 4776 Intelleximus
584 4728 652 4775 enim
675 4719 773 4776 omnes
788 4742 884 4777 nervos
909 4728 1023 4792 spinales
1046 4729 1257 4777 commemoratis
1280 4727 1331 4776 illis
1353 4727 1461 4774 venenis
1486 4740 1565 4789 qnam
1584 4725 1720 4773 celerrime
1738 4724 1859 4786 interfici,
1877 4738 1960 4787 neque

379 4827 435 4867 tum
452 4819 505 4866 ullo
523 4817 604 4867 modo
623 4819 732 4867 excitari
749 4833 836 4883 posse.
872 4819 923 4868 Hic
938 4832 1002 4867 1111
1021 4817 1130 4867 cordum
1149 4825 1236 4867 motus
1255 4817 1377 4882 rbytmici
1399 4831 1463 4867 sane
1481 4825 1655 4878 evanescunt,
1680 4815 1848 4866 nibilominus
1872 4822 1960 4864 tamen

380 4911 490 4959 excitari
508 4917 618 4974 possunt
637 4910 677 4957 vel
696 4925 728 4958 ex
746 4910 861 4960 medulla
879 4911 974 4976 spinuli
991 4911 1033 4960 rel
1051 4925 1083 4960 ex
1101 4911 1188 4960 nerris
1207 4909 1375 4975 periphericis
