4696 6216
1090 739 1113 812 8

315 926 460 1006 videmr,
487 927 591 991 omnia
611 926 690 992 haee
709 925 927 1013 phaenomena
947 945 985 988 ex
1006 918 1153 1006 siphonis
1181 921 1305 1011 impetu
1331 924 1473 1011 pendere
1500 927 1536 994 id
1563 926 1653 1014 quod
1683 929 1812 1011 Lace,
1833 929 1896 993 nisi

314 1070 427 1150 ullor,
453 1066 589 1153 placuit:
1235 1044 1237 1049 Ι
1295 1061 1299 1068 ’

421 1207 481 1273 Bei
502 1206 574 1272 dem
594 1200 745 1293 Injiciren
764 1206 894 1289 zuchte,
915 1205 960 1270 ait
981 1213 1112 1289 auctor,
1136 1205 1312 1292 jedeamel,
1346 1230 1441 1274 wenn
1469 1210 1541 1276 eine
1563 1210 1693 1298 Spritae
1714 1212 1782 1278 roll
1800 1212 1898 1279 Wes-

313 1378 366 1423 ser
386 1349 503 1419 durch,
519 1346 572 1415 die
594 1347 916 1436 Cappillarenxging,
943 1346 1001 1413 der
1021 1372 1122 1436 ganne
1142 1348 1278 1415 Frosoh.

422 1490 611 1559 canaliculo
626 1490 709 1555 enim
724 1497 845 1555 remoto
860 1462 1011 1576 persaepe
1028 1514 1087 1578 per
1109 1490 1334 1559 duodecimam
1349 1489 1448 1558 horae
1468 1499 1595 1579 partem
1618 1492 1675 1559 illa
1694 1494 1899 1580 injectionem

313 1646 484 1727 superant,
518 1655 579 1701 nec
606 1631 828 1717 experimentis
854 1630 999 1718 repetitis
1027 1642 1103 1718 post
1131 1657 1254 1700 moram
1283 1657 1342 1720 per
1364 1633 1462 1701 horae
1483 1633 1699 1718 quadrantem
1725 1646 1783 1702 aut
1805 1634 1898 1701 dimi·

313 1781 399 1847 diam
422 1786 547 1866 partem
568 1775 734 1838 durantem
761 1751 990 1838 desiderantur.
1027 1775 1127 1878 'Hoc
1153 1785 1261 1843 autem
1290 1798 1368 1842 sane
1389 1775 1519 1843 ridetur
1539 1776 1673 1861 mirum,
1707 1778 1796 1864 quod
1823 1801 1900 1845 con·

312 1921 487 1988 tractiones
508 1938 638 2005 spasmo
659 1915 777 1982 similes
798 1897 866 1980 non‘
882 1914 915 1979 in
937 1915 1084 1983 omnibus
1106 1918 1299 1984 animalibus
1315 1917 1433 2003 quibus
1454 1919 1576 1984 variam
1597 1918 1764 2006 injecimus
1785 1943 1901 2005 aquam

311 2063 447 2131 eandem
460 2059 690 2127 vehementiam
701 2055 921 2143 ostenderunt,
941 2081 1001 2124 neo
1016 2069 1092 2126 ante
1106 2062 1213 2127 omnia
1222 2031 1292 2126 tam
1313 2060 1371 2126 diu
1385 2061 1523 2147 produci
1537 2062 1724 2149 potuerunt.
1747 2061 1902 2144 Quoties·

313 2228 438 2292 eamque
452 2213 509 2272 aut
523 2201 592 2269 sine
606 2223 696 2266 mora
708 2209 764 2266 aut
778 2199 978 2265 vehementer
1001 2208 1058 2266 aut
1078 2201 1183 2288 spatio
1199 2202 1367 2287 interjecto
1388 2223 1474 2285 aqua
1494 2203 1697 2289 injiciebatur
1717 2203 1902 2267 animalium

315 2345 440 2433 species
466 2342 646 2432 hydropica
664 2340 758 2407 valde
786 2361 937 2427 expressa
969 2342 1162 2429 apparebat,
1193 2352 1265 2408 tum
1290 2342 1325 2407 in
1350 2340 1416 2407 tela
1444 2343 1600 2410 cellulosa
1627 2342 1843 2428 subcutanea,
1866 2345 1900 2410 in

315 2485 466 2552 musculis
487 2483 568 2571 ipsis
591 2481 693 2569 magis
714 2483 877 2569 magisque
900 2483 1177 2570 expalesoentibus
1206 2508 1293 2570 aqua
1313 2484 1543 2571 colligebatur,
1572 2485 1640 2550 tela
1660 2494 1693 2551 et
1715 2508 1838 2573 organa
1857 2487 1901 2551 ri·

317 2627 394 2718 gida
413 2625 649 2711 immobiliaque
668 2633 706 2689 ut
731 2623 766 2688 in
788 2626 900 2692 mortis
919 2627 1026 2714 rigore
1047 2624 1274 2693 reddebantur
1301 2634 1334 2693 et
1363 2625 1410 2692 sic
1435 2625 1551 2691 mutati
1577 2627 1714 2692 musculi
1740 2591 1904 2694 interdum

292 2864 302 2885 .
319 2770 449 2856 quidem
470 2765 739 2838 contrahebantur
760 2766 926 2854 galvanice
945 2767 1064 2835 irritati
1084 2767 1275 2855 plerumque
1293 2789 1370 2834 vero
1391 2767 1511 2832 mortui
1532 2767 1735 2834 videbantur.

969 3067 1282 3084 mnu—u·—

321 3345 510 3432 lluannam
539 3337 680 3418 exhibet
703 3335 772 3415 rin
802 3331 956 3436 liqueris
987 3339 1114 3413 natura
1147 3333 1194 3413 ad
1219 3337 1482 3418 oneratione
1516 3337 1601 3417 illas
1634 3340 1904 3441 preveearlasl

424 3596 477 3660 Ao
502 3567 640 3682 primum
658 3613 757 3675 quum
791 3587 1007 3673 quaerendum
1043 3585 1209 3654 videretur
1233 3611 1405 3675 quamnam
1430 3593 1566 3679 liquoris
1593 3593 1701 3681 injecti
1727 3603 1845 3662 natura
1870 3597 1905 3662 in

321 3738 542 3826 phaenomena
561 3740 806 3802 commemorata
826 3731 975 3798 exhibeat
996 3726 1076 3815 vim,
1109 3731 1239 3799 aethere
1266 3732 1444 3802 interfectis
1465 3736 1552 3803 ranis
1574 3759 1692 3824 aquam
1711 3736 1905 3822 destilatam,

319 3882 494 3965 fontanam,
508 3875 678 3960 fiuvialem,
693 3873 869 3941 solutiones
889 3874 974 3963 natri
996 3871 1129 3940 chlorici
1145 3874 1264 3941 dilutas
1277 3845 1330 3942 vel
1345 3887 1587 3963 concentratas,
1610 3880 1776 3967 sanguinis
1798 3903 1905 3946 serum

321 4022 425 4110 injeci.
458 4021 574 4106 ltaque
595 4042 679 4104 aqua
699 4015 849 4084 destilata
867 4014 1007 4080 immissa
1027 4023 1060 4080 et
1082 4013 1377 4083 vehementissimae
1398 4026 1432 4085 et
1451 4019 1655 4106 injectionem
1674 4022 1810 4088 maxime
1832 4022 1905 4088 diu·
1992 3998 1993 4001 Ἴ

321 4165 476 4231 turnitate
503 4171 691 4249 superantes
719 4129 953 4226 contractiches
982 4166 1174 4224 consecutae
1201 4167 1296 4242 sunt,
1330 4182 1413 4246 quae
1436 4183 1522 4246 aqua
1549 4159 1683 4228 fontana
1709 4171 1766 4227 aut
1784 4159 1905 4226 fluviali

323 4307 467 4376 instilata
486 4328 551 4371 non
574 4305 676 4371 solum
695 4306 912 4370 inconstantes
928 4323 1040 4366 verum
1061 4299 1157 4365 etiam
1177 4298 1279 4365 multo
1299 4299 1466 4369 inferiores
1486 4303 1624 4369 brerant.
1653 4300 1795 4369 Eaedem
1816 4300 1905 4366 solu·

322 4451 412 4518 tione
438 4446 555 4516 salium
582 4446 671 4513 haud
698 4448 744 4513 ita
770 4450 975 4511 concentrata
1000 4443 1106 4510 infusa
1132 4452 1188 4509 aut
1209 4444 1374 4530 sanguinis
1402 4468 1475 4512 sero
1496 4447 1566 4513 lere
1587 4467 1721 4534 prorsus
1742 4442 1906 4510 desidera·

323 4605 374 4662 tae
396 4602 488 4678 sunt,
527 4599 584 4657 aut
610 4589 774 4658 celerrime
803 4585 1052 4675 praeterierunt3
1074 4593 1237 4670 postremo
1257 4583 1416 4650 solutione
1438 4588 1523 4653 natri
1545 4587 1680 4654 chlorioi
1700 4592 1908 4687 concontrata

324 4736 441 4824 injecta
457 4731 596 4802 musculi
616 4730 805 4818 plerumque
826 4729 922 4797 semel
945 4726 1170 4796 contrahentes
1190 4725 1281 4791 brevi
1301 4736 1446 4813 ternpore
1463 4732 1603 4818 speciem
1624 4750 1756 4826 prorsus
1770 4726 1907 4815 rigidam

267 4962 272 4971 .
324 4880 549 4961 obtinuerunt,
571 4865 636 4944 'nec
657 4873 823 4961 galvanice
844 4874 960 4941 irritati
982 4841 1048 4939 alla
1069 4872 1194 4937 ratione
1215 4869 1294 4934 moti
1309 4878 1393 4935 sunt.
1416 4867 1526 4950 Quare
1541 4870 1769 4955 intelleximus,
1790 4894 1908 4956 aquam
