4696 6216
1381 744 1402 817 2

601 924 655 989 vix
683 921 994 988 commemorandum
1021 923 1160 1011 videtur.
1212 923 1305 990 Adeo
1334 948 1411 991 vero
1440 924 1693 1013 experimentum
1716 947 1888 990 nervorum
1916 922 2144 1006 secandorum,
2166 947 2186 988 a

599 1067 741 1130 Fontine
765 1065 938 1150 traditum,
965 1067 1096 1152 gravius
1124 1065 1269 1149 videtur,
1305 1067 1393 1152 qnod
1423 1067 1480 1132 diu
1501 1066 1666 1133 docrinam
1688 1070 1841 1133 tuebatur
1865 1067 1982 1151 cuique
2007 1064 2060 1130 vel
2081 1074 2185 1129 aetate

600 1209 778 1273 recentiore
800 1211 982 1296 argtunenti
1001 1210 1066 1274 vim
1087 1207 1290 1274 tribuendam
1313 1212 1466 1292 torpeo)
1487 1218 1579 1273 ratus
1600 1218 1660 1274 est.

703 1351 831 1418 Primus
852 1355 926 1417 Jola
948 1352 1096 1436 Mrtller5)
1123 1375 1189 1416 una
1210 1374 1283 1416 oum
1304 1352 1404 1415 Stil-er
1430 1350 1510 1415 vitia
1532 1349 1631 1434 hujus
1658 1350 1845 1438 experiendi
1872 1353 2007 1417 rationis
2029 1351 2182 1437 explana·

599 1504 725 1576 verunt,
748 1495 868 1580 qnippe
890 1494 1097 1560 observantes
1118 1494 1343 1579 conjunctione
1363 1516 1537 1559 nervorum
1558 1468 1711 1559 musculis
1736 1495 1944 1560 servientium
1965 1516 2036 1557 cum
2064 1493 2182 1557 centris

600 1634 726 1700 sublata
748 1656 786 1698 ac
808 1647 947 1720 remota,
976 1638 1197 1729 musculorum
1218 1659 1349 1721 quoque
1372 1634 1582 1701 contrahendi
1608 1636 1795 1701 facultatem
1818 1637 1909 1703 ocius
1931 1637 2036 1702 serius
2056 1635 2185 1700 omnino

598 1777 713 1864 perire.
758 1773 869 1857 Quare
889 1781 1033 1846 restabat
1053 1802 1245 1868 semperque
1265 1777 1411 1865 profecto
1432 1778 1579 1861 restabit,
1600 1789 1638 1843 nt
1659 1779 1909 1864 demonstretur,
1930 1801 2007 1845 num
2026 1777 2084 1842 illo
2106 1788 2186 1842 tem-

598 1945 693 2007 pore,
722 1944 787 2005 quo
815 1922 952 1987 nmsculi
980 1946 1152 1988 nervorum
1179 1923 1317 1987 irritatio
1341 1925 1409 2007 jam
1429 1945 1512 1988 vana
1539 1921 1741 2007 apparuerit,
1786 1925 1932 2007 quamvis
1962 1920 2098 1986 musculi
2124 1921 2185 2005 ipsi

597 2064 776 2128 irritatione
802 2063 927 2128 directa
954 2064 995 2128 ad
1025 2065 1206 2130 functiones
1242 2063 1391 2148 compelli
1424 2064 1606 2150 potuerint,
1643 2087 1813 2127 nervorum
1846 2087 1911 2127 non
1947 2063 2051 2128 solum
2080 2066 2186 2126 trunci

596 2227 707 2268 verum
721 2203 817 2267 etiam
831 2204 912 2270 fines
926 2206 1147 2291 periphericae
1166 2206 1395 2272 excitabilitate
1410 2213 1566 2271 carerent.
1595 2202 1632 2270 Si
1647 2226 1729 2288 quae
1743 2207 1807 2270 alia
1819 2215 1853 2270 at
1875 2215 1962 2270 certe
1983 2205 2063 2271 haec
2084 2206 2185 2270 inter·
2226 2232 2231 2247 ·

561 2430 565 2441 ἱ
596 2347 729 2432 pellatio
748 2344 940 2433 gravissima
962 2347 1100 2433 videtur,
1123 2372 1223 2433 quum
1241 2358 1330 2415 certa
1352 2347 1571 2434 experimenta
1592 2370 1765 2412 nervorum
1785 2347 1950 2412 interitrnn
1971 2370 2097 2434 semper
2112 2370 2185 2413 oen-

595 2487 814 2573 trifugientem
835 2487 905 2553 fieri
927 2487 1074 2554 doceant.

698 2627 803 2693 Porro
824 2631 1030 2718 microsoopii
1053 2633 1173 2697 auxilio
1194 2634 1397 2719 exploratum
1419 2630 1590 2711 habemus,
1618 2651 1735 2695 nervos
1761 2653 1821 2717 per
1841 2632 2006 2696 musculos
2028 2634 2187 2718 plurimos

595 2769 770 2857 dissipatos
791 2794 879 2855 esse,
909 2774 955 2838 ita
980 2782 1017 2837 ut
1044 2774 1096 2839 vel
1119 2775 1249 2839 minima
1273 2774 1410 2840 musculi
1437 2795 1514 2859 pars
1537 2773 1620 2836 inter
1641 2772 1901 2837 observationem
1921 2773 2190 2862 microscopicam

595 2915 664 2980 rivo
688 2915 858 3001 galvanico
880 2914 1018 2980 excitata
1039 2915 1244 2998 contrahens,
1268 2916 1346 2983 satis
1368 2936 1538 2980 nervorum
1553 2912 1716 2998 praebeat,
1741 2938 1825 2999 quos
1840 2918 2092 2981 contractionem
2108 2940 2189 2984 con·
2257 2908 2261 2913 ¹

593 3056 721 3122 oiliasse
743 3067 848 3143 putes.
890 3055 1014 3120 Verum
1038 3056 1198 3120 enimvero
1214 3056 1280 3138 jam
1301 3064 1375 3120 ante
1396 3057 1578 3121 Muellerum
1602 3059 1808 3121 Tiedemonno
1817 3059 1845 3142 ⁶)
1872 3058 2028 3144 imprimis
2054 3068 2189 3125 anctore

593 3201 740 3285 quaestio
765 3200 862 3266 aliam
882 3198 1017 3263 formam
1038 3197 1180 3281 accepit,
1210 3194 1262 3260 cui
1282 3198 1407 3262 Hellen
1427 3197 1536 3282 opinio
1563 3197 1612 3260 sic
1632 3196 1807 3281 probatur:
1835 3206 1872 3262 ut
1902 3200 2189 3266 contractilitatem

591 3342 657 3406 vim
678 3341 841 3426 quandam
863 3341 928 3406 illis
948 3340 1168 3406 inhaerentem
1195 3337 1311 3405 habeat
1338 3364 1450 3405 eorum
1478 3359 1555 3402 vero
1583 3336 1784 3403 existentiam
1812 3361 1912 3422 quum
1939 3362 1978 3405 ex
2007 3343 2189 3409 nutritione

592 3490 662 3546 tum
684 3504 724 3546 ex
744 3504 917 3546 nervorum
937 3477 1167 3547 sollicitatione
1188 3476 1370 3563 dependere
1392 3490 1495 3567 putet.
1529 3479 1644 3563 ltaque
1660 3483 1781 3565 exejus
1796 3481 1968 3563 sententia,
1990 3482 2042 3546 cui
2056 3485 2188 3548 laetor

591 3621 625 3686 in
646 3624 832 3687 universum
850 3623 1005 3688 assentire
1020 3644 1085 3685 non
1101 3620 1239 3704 dubitat,
1260 3625 1368 3689 nervis
1382 3622 1503 3689 debent
1517 3621 1667 3704 musculi,
1690 3621 1780 3706 quod
1793 3622 1974 3688 irritatione
1989 3623 2186 3691 afficiuntur.

591 3761 691 3828 Nulla
717 3785 795 3828 sane
822 3785 875 3828 res
901 3763 1004 3849 magis
1026 3786 1123 3847 quarn
1151 3764 1289 3828 irritatio
1317 3764 1537 3828 musculorum
1566 3761 1697 3828 tandem
1719 3764 1903 3849 'aliquando
1925 3766 2086 3830 exstincta
2108 3774 2188 3852 post

593 3904 723 3993 longam
744 3928 916 3971 nervorum
937 3915 1101 3979 oectorum
1122 3903 1378 3970 debilitationem
1401 3907 1549 3970 Muellero
1570 3872 1748 3990 persirasit,
1772 3930 1946 3973 nervorum
1968 3904 2187 3991 integritatem

594 4046 812 4114 conditionem
839 4070 911 4113 esse
938 4048 1159 4115 musculorum
1186 4045 1455 4114 contractilitatis.
1500 4044 1567 4127 Qui
1594 4056 1704 4112 tamen
1732 4046 1799 4111 suis
1830 4046 2056 4132 experimentis
2078 4069 2185 4130 aequo

592 4193 742 4276 majorem
764 4191 829 4255 vim
849 4191 981 4256 tribuit:
1004 4200 1041 4256 ut
1059 4191 1144 4257 enim
1158 4190 1232 4256 inde
1247 4187 1449 4276 intelligitur,
1471 4189 1635 4255 musculos
1657 4187 1714 4253 diu
1736 4186 1939 4269 quiescentes
1962 4185 2004 4250 ad
2023 4185 2186 4274 agendum

591 4356 656 4400 non
677 4333 813 4400 idoneos
834 4334 916 4419 fieri,
936 4336 984 4400 ita
998 4333 1249 4419 haudquaquam
1263 4329 1503 4396 demonstratur
1514 4331 1717 4397 functionum
1737 4324 1946 4411 nutritusque
1968 4329 2185 4395 turbationem

598 4530 611 4534 -
623 4523 908 4534 ...——-—-.--—·

694 4639 716 4705 ⁴)
738 4643 844 4707 Lnnyet:
869 4642 1011 4691 Anetomie
1029 4648 1056 4689 et
1073 4639 1243 4705 Physiologie
1267 4638 1300 4687 de
1324 4638 1437 4702 systbme
1456 4653 1573 4688 nervenx
1592 4638 1625 4687 de
1643 4638 1764 4688 lbomme
1783 4647 1809 4687 et
1828 4637 1874 4687 des
1894 4639 2018 4687 animent
2039 4635 2182 4686 vert'ebres.

594 4740 662 4789 Tom
681 4737 703 4786 Ι.
724 4754 749 4801 p.
770 4733 884 4785 59-63.

695 4822 718 4890 ⁵)
739 4827 843 4877 Mitllers
861 4824 971 4872 Archiv.
994 4822 1069 4871 1834.
1088 4836 1148 4885 pag.
1169 4822 1229 4869 202.

695 4914 717 4981 6)
740 4912 1165 4979 Toaenann:1’nysiotogie.ssd.
1186 4912 1208 4962 1.
1228 4928 1288 4977 pag.
1310 4912 1369 4961 547.
