4696 6216
1030 796 1051 870 3

247 997 286 1040 ex
317 997 490 1040 nervorum
524 973 692 1042 debilitate
725 977 829 1060 sequi.
880 975 992 1042 Etiam
1022 976 1251 1063 impedimento
1282 975 1468 1044 mechanico
1499 975 1637 1062 ignavus
1668 969 1833 1038 musculus

246 1114 385 1179 tabescit
407 1137 445 1180 ac
465 1127 592 1203 torpet,
614 1118 691 1202 quia
704 1118 774 1184 sine
788 1117 1009 1184 controversia
1029 1120 1098 1203 ejus
1119 1128 1237 1184 natura
1257 1120 1335 1202 fert,
1357 1130 1393 1184 ut
1415 1129 1448 1185 et
1462 1119 1604 1205 quietem
1627 1126 1661 1183 et
1674 1115 1834 1182 actionem

246 1265 369 1339 mutet,
394 1280 456 1323 nec
476 1259 578 1345 igitur
598 1259 796 1343 mirandum,
825 1259 915 1344 quod
936 1260 969 1322 in
987 1259 1142 1326 musculis
1163 1261 1341 1329 debilitatis
1364 1269 1463 1345 atque
1484 1259 1614 1325 omnino
1635 1255 1837 1322 functionum

247 1395 434 1482 expertibus
455 1397 645 1466 brevissimo
664 1408 810 1486 tempore
831 1398 975 1464 nutritus
1002 1401 1144 1467 rationes
1172 1424 1307 1489 prorsus
1333 1402 1415 1468 aliae
1441 1402 1525 1466 fiunt
1551 1411 1590 1466 ut
1614 1397 1746 1464 tandem
1774 1395 1836 1461 hac

245 1539 399 1605 materiae
420 1541 655 1626 permutatione
676 1540 846 1627 deperdita
865 1540 1017 1628 primaria
1039 1545 1272 1629 compositione
1294 1544 1438 1610 chemioa
1457 1543 1636 1609 tabescant.

353 1678 447 1762 Quae
468 1706 567 1767 quum
587 1683 635 1746 ita
655 1691 763 1748 essent
789 1682 951 1768 reliquum
971 1693 1061 1768 erat,
1082 1694 1120 1749 ut
1142 1695 1367 1770 quaereretur,
1399 1692 1508 1748 utrum
1534 1682 1672 1748 actionis
1699 1703 1739 1746 an
1761 1701 1835 1743 ner·

248 1845 363 1888 vorum
383 1825 501 1889 virium
522 1824 634 1910 iuopia
655 1824 819 1891 musculos
840 1824 974 1891 tandem
994 1825 1188 1891 debilitaret
1232 1823 1334 1912 Cujus
1358 1827 1405 1893 rei
1433 1827 1652 1915 experimenta
1672 1844 1692 1886 a
1716 1819 1836 1901 Ram)

246 1967 396 2031 instituta
424 1966 722 2052 exspectationibus
749 1965 878 2031 minime
903 1965 1158 2054 responderunt3
1188 1990 1328 2051 namque
1353 1977 1493 2052 quatuor
1514 1987 1664 2032 ranarum
1687 1959 1836 2026 dissectis

247 2131 419 2174 nervorum
439 2108 563 2173 truncis
591 2107 830 2173 extremitatum
859 2109 1091 2195 posteriorum,
1119 2134 1218 2194 quum
1245 2109 1393 2195 quotidie
1419 2109 1583 2174 musculos
1604 2104 1738 2170 alterius
1766 2101 1835 2165 rivo

155 2293 165 2301 ·
248 2250 417 2337 galvanico
449 2249 620 2333 excitaret,
653 2258 729 2315 octo
757 2248 1015 2317 hebdomadibus
1042 2261 1117 2338 post
1144 2252 1317 2336 utriusque
1352 2251 1446 2336 pedis
1478 2245 1669 2335 posterioris
1699 2240 1837 2308 musculi

250 2391 424 2457 irritabiles
445 2400 548 2472 orant,
571 2412 767 2474 quamquam
786 2390 874 2458 idem
887 2394 1051 2461 musculos
1065 2396 1301 2460 extremitatum
1315 2389 1460 2476 quotidie
1475 2388 1686 2454 exercitatum
1699 2384 1838 2470 speciem

250 2532 381 2598 omniuo
396 2533 554 2616 integram
568 2522 740 2597 retinuisse
751 2532 929 2618 confirmat,
945 2557 1027 2619 quos
1042 2536 1244 2620 quiescentes
1258 2533 1429 2620 languidos
1443 2533 1513 2598 fieri
1527 2541 1624 2617 atque
1639 2527 1835 2615 atrophioos

355 2669 509 2757 Ejusdem
536 2669 664 2754 generis
689 2650 908 2757 expedimenta
936 2677 977 2743 ab
1003 2676 1198 2753 Emmaus)
1225 2684 1258 2739 et
1282 2674 1486 2756 Maaeuoffl)
1518 2673 1621 2738 relata
1645 2672 1679 2736 in
1705 2671 1835 2737 diverso

250 2834 386 2900 prorsus
406 2821 525 2877 eventu
547 2811 772 2897 substiterunt,
795 2837 934 2899 quorum
955 2815 1037 2881 alter
1058 2815 1326 2902 galvauisationis
1347 2814 1555 2900 quotidianae
1569 2815 1633 2879 vim
1647 2814 1838 2880 efficientem

250 2964 358 3041 negat,
381 2964 416 3020 at
436 2954 519 3019 alter
539 2965 707 3039 expertum
727 2977 763 3022 se
784 2979 855 3023 esse
877 2956 1063 3038 contendit,
1094 2955 1345 3021 irritabilitatem
1371 2956 1508 3021 musculi
1530 2954 1675 3042 quotidie
1696 2955 1739 3021 ad
1761 2979 1838 3021 con·

250 3096 442 3160 tractionem
468 3095 573 3158 coacti
601 3094 735 3159 alterius
762 3084 874 3161 lateris
901 3070 1152 3161 irritabilitaiem
1176 3095 1272 3161 valde
1301 3119 1465 3182 superare.
1513 3096 1630 3182 Neque
1661 3098 1837 3180 sanaim)

252 3237 469 3322 experimenta
491 3238 538 3300 rei
558 3258 657 3320 grave
678 3233 842 3320 quoddam
867 3246 1063 3302 momentum
1091 3237 1284 3317 attulerunt;
1321 3262 1405 3323 quae
1438 3240 1522 3304 enim
1548 3240 1666 3326 partim
1693 3248 1837 3304 veterum

251 3378 469 3465 experimenta
497 3377 744 3460 confirmarunt,
771 3378 889 3464 partim
916 3379 1019 3465 magis
1045 3380 1211 3466 magisque
1241 3380 1455 3446 concludendi
1475 3382 1509 3445 vi
1530 3382 1715 3467 privarunt,
1738 3403 1837 3466 quum

254 3524 402 3585 &sanias
428 3519 552 3605 primus
579 3518 765 3586 debilitatos
793 3545 967 3588 nervorum
994 3531 1129 3586 truncos
1162 3522 1427 3610 ceutrifisgientes
1459 3521 1592 3586 interire
1618 3522 1837 3606 experimento

251 3663 393 3730 doceret.
437 3659 548 3742 Quare
572 3661 691 3727 omissa
713 3663 839 3728 ratione
866 3662 924 3728 illa
944 3687 965 3727 a
992 3667 1076 3728 Reid
1096 3664 1195 3748 inita,
1215 3666 1311 3743 etiam
1339 3685 1427 3729 nunc
1448 3665 1609 3729 Matteucii
1628 3672 1662 3726 et
1681 3663 1836 3727 Evnmerti

253 3807 422 3894 opiniones
445 3803 540 3868 valde
562 3803 623 3868 sibi
645 3814 840 3891 repugnant.
1776 3767 1777 3771 Ἰ

359 3947 401 4011 Ε.
415 3945 576 4010 Harlease'o
587 3950 626 4021 ¹¹)
642 3943 769 4012 demum
781 3972 898 4015 novam
911 3949 1083 4035 quamdam
1101 3948 1254 4015 debemus
1266 3949 1435 4013 rationem.
1466 3945 1583 4030 Neque
1594 3947 1680 4010 enim
1693 3957 1837 4012 veterum

256 4087 489 4173 experientium
519 4086 617 4152 modo
647 4086 721 4154 loco
755 4091 884 4159 cuidam
918 4094 1164 4180 circumscripto
1199 4091 1290 4179 nervi
1321 4111 1437 4155 noxam
1467 4086 1612 4170 admisit,
1645 4086 1731 4152 unde
1757 4086 1837 4152 haec

360 4411 384 4478 ἴ)
403 4414 484 4464 Reid.-
501 4431 537 4464 on
556 4415 601 4463 tho
618 4413 732 4463 relation
751 4408 870 4457 between
889 4407 1021 4456 muscular
1040 4404 1218 4467 contractility
1237 4401 1291 4452 and
1309 4400 1354 4450 the
1365 4415 1478 4449 nervous
1490 4409 1587 4464 system
1602 4402 1678 4450 1841.
1697 4402 1836 4466 pg.9.10.

360 4502 384 4569 ⁸)
402 4505 518 4555 Emmert:
536 4501 660 4568 Beitrige
677 4517 723 4552 zur
736 4498 894 4562 Pathologie
911 4496 966 4545 und
980 4497 1111 4562 Therapie
1129 4497 1176 4545 mit
1188 4493 1347 4545 besonderer
1361 4491 1618 4556 Berucksichtigung
1631 4490 1677 4541 der
1691 4491 1836 4558 Chirurgie.

257 4599 308 4651 Bd.
328 4599 367 4649 11.
387 4613 448 4663 pag.
467 4595 581 4646 36-54,

360 4684 383 4727 ⁹³
404 4687 548 4738 Matteueri:
565 4687 669 4747 Leqons
689 4696 733 4733 sur
750 4682 788 4730 les
805 4677 983 4746 pbe'nome'nes
1002 4679 1048 4729 des
1066 4694 1144 4744 corps
1163 4679 1278 4727 virtuts.
1299 4677 1375 4726 1846.
1395 4691 1455 4740 pag.
1475 4673 1534 4724 254.

363 4777 396 4842 ¹⁰)
416 4779 546 4830 Statorius:
564 4774 695 4840 Froriep's
711 4772 776 4823 Not.
797 4772 873 4821 1841.
893 4769 945 4819 No.
964 4772 1025 4820 418.

564 4866 680 4917 Miller's
698 4865 807 4915 Archiv.
830 4864 906 4912 1847.
925 4876 986 4927 pag.
1005 4861 1057 4909 443
1075 4859 1103 4908 ff.

363 4959 396 5026 ¹¹)
415 4963 447 5013 Ε.
466 4960 585 5013 Hortus:
603 4958 720 5008 Miller‘s
739 4956 846 5011 Archiv.
867 4953 943 5003 1847.
963 4967 1024 5016 pag.
1044 4952 1095 5000 228
1112 4950 1141 4998 ff.
