4696 6216
1065 758 1088 834 5

157 923 173 950 ⁸
283 927 565 1049 observationibus
586 939 781 1023 arctioribus
802 939 1047 1028 circumscripte
1066 947 1117 1007 est
1136 938 1268 1020 finibus3
1297 937 1486 1026 praesertim
1506 945 1641 1024 propter
1668 933 1868 1003 differentias

283 1071 543 1145 observationum
570 1081 742 1168 utriusque
766 1084 909 1151 auctoris
936 1081 1024 1150 haud
1058 1081 1307 1148 contemnendas
1339 1103 1400 1148 nec
1425 1077 1636 1147 irritabilitati
1667 1076 1864 1146 refellendae

284 1212 431 1282 adhiberi
458 1229 585 1306 potest,
612 1245 689 1309 neo,
716 1225 842 1292 etiamsi
869 1224 983 1313 negari
1008 1235 1165 1310 nequeat,
1197 1224 1269 1291 rivo
1307 1222 1469 1290 constanti
1493 1221 1612 1287 nervos'
1639 1221 1868 1305 musculosque

283 1356 318 1422 in
338 1368 466 1446 tempus
486 1362 648 1430 debilitari
668 1364 732 1433 hoe
752 1389 793 1432 ex
812 1367 899 1434 facto
921 1366 1115 1435 concludere
1136 1365 1230 1434 nobis
1243 1366 1321 1432 licet
1341 1364 1522 1431 musculum
1542 1385 1609 1434 nou
1621 1362 1684 1430 nisi
1698 1361 1870 1449 adjuvante

157 1462 164 1474 ⁴
283 1520 383 1566 nervo
418 1503 566 1570 contrahi
594 1527 703 1593 posse.
744 1507 786 1575 Id
812 1511 902 1596 quod
924 1514 992 1598 jam
1016 1511 1236 1587 Koellikari.¹⁴)
1264 1517 1299 1576 et
1326 1507 1598 1589 Heideulminiiss)
1629 1503 1788 1592 probatur
1814 1525 1869 1568 ex·

282 1640 530 1727 planationibus
576 1639 581 1648 ’
1550 1620 1587 1711 0

388 1785 489 1853 Haud
514 1812 629 1876 parum
658 1792 691 1857 in
719 1794 937 1862 musculorum
969 1792 1177 1882 physiologis
1206 1794 1390 1880 profectum
1416 1799 1484 1874 est,
1519 1788 1618 1856 Urari
1651 1787 1766 1856 veneni
1791 1787 1824 1852 vi
1852 1810 1872 1851 a

283 1931 499 2009 erardfflq
521 1932 662 2020 cognita.
705 1933 799 2016 Quae
820 1937 1038 2024 experimenta
1058 1935 1118 2001 diu
1138 1933 1210 2000 sola
1230 1946 1263 2001 et
1283 1958 1303 2001 a
1323 1936 1489 2000 Bemordo
1509 1933 1581 2020 ipso
1603 1941 1636 1998 et
1657 1953 1678 1995 a
1696 1929 1870 1994 Koellilero

284 2073 428 2138 ornatius
449 2074 588 2160 repetitu
608 2098 712 2161 neque
733 2102 800 2145 uon
822 2079 1013 2146 confirmata
1033 2087 1119 2142 sunt.
1161 2075 1245 2143 Tum
1267 2101 1287 2143 a
1306 2077 1418 2143 multis
1441 2074 1594 2162 deinceps
1608 2071 1795 2140 auctoribus
1812 2069 1869 2135 ob-

239 2243 241 2248 s
283 2214 484 2281 ser-vationes
504 2216 673 2284 institutae
694 2219 832 2286 eundem
852 2218 1005 2289 habuisse
1025 2229 1175 2287 eventum
1194 2219 1356 2286 videntur.
1392 2217 1555 2302 Equidem
1575 2219 1647 2304 ipse
1668 2213 1725 2279 illo
1746 2233 1871 2276 veneno

282 2357 323 2424 ab
344 2358 563 2440 illustrissimo
591 2363 676 2447 prof.
697 2365 740 2426 du
759 2365 841 2428 Bois
868 2362 955 2429 dono
977 2372 1113 2450 eccepto
1141 2361 1257 2428 iterum
1286 2371 1385 2445 atque
1411 2359 1525 2425 iterum
1548 2381 1647 2444 usus,
1676 2379 1737 2422 nec
1763 2365 1871 2421 tanuen

283 2500 346 2565 alia
367 2508 562 2580 consecutus
583 2524 664 2567 sum.
719 2501 843 2586 Liquet
872 2504 1021 2582 nimirum
1039 2503 1141 2572 Urari
1163 2500 1381 2568 musculorum
1414 2524 1530 2568 nervos
1551 2503 1643 2589 prius
1668 2498 1871 2583 celeriusque

283 2640 424 2706 imbuere
445 2664 588 2724 veneno,
610 2666 706 2728 quam
726 2666 844 2711 nervos
863 2645 1032 2711 sensibiles
1053 2656 1087 2711 et
1106 2668 1229 2732 organo
1242 2643 1398 2709 centralis
1409 2666 1600 2729 nervorum,
1622 2641 1778 2731 imprimis
1793 2663 1871 2706 vero

282 2781 421 2847 musculi
445 2804 618 2849 nervorum
649 2785 816 2852 interitum
840 2810 907 2853 nou
927 2785 1314 2873 oentriiugientemesse‚
1349 2783 1407 2849 sed
1433 2809 1454 2850 a
1479 2785 1664 2872 peripheria
1687 2784 1871 2874 systematis

280 2923 488 3011 incipientem
514 2951 573 3014 per
599 2929 789 3015 sanguinem
809 2927 902 3009 ferri3
937 2937 1103 3015 postremo
1129 2927 1291 2994 musculos
1319 2926 1444 2992 directe
1470 2901 1629 2994 eicitatos
1658 2923 1872 2993 contrahendi

279 3065 467 3131 facultatem
493 3067 631 3133 retinere
659 3068 769 3134 nervis
792 3070 860 3153 jam
884 3069 1030 3134 mortuis.
1092 3066 1145 3132 Ex
1178 3065 1229 3132 his
1256 3067 1423 3134 eventibus
1452 3091 1590 3154 quorum
1621 3079 1811 3155 argumente
1837 3067 1871 3131 in

280 3208 451 3271 Koellikeri
465 3212 503 3290 ¹¹)
524 3209 683 3295 opusculo
704 3209 1001 3297 cognoscas-licet,
1028 3208 1058 3275 si
1085 3207 1160 3294 quis
1180 3219 1285 3276 rectas
1306 3209 1532 3276 conclusiones
1558 3210 1629 3275 fieri
1655 3230 1752 3296 posse
1771 3228 1870 3293 nega-

282 3358 348 3432 ret,
369 3352 554 3416 necessario
575 3354 762 3438 conjectura
781 3348 936 3416 audacior
955 3349 1126 3438 probanda
1147 3348 1326 3433 rideretur,
1357 3374 1397 3416 ex
1424 3375 1490 3437 qua
1510 3353 1602 3417 nervi
1627 3375 1686 3439 per
1707 3348 1870 3416 musculo·

279 3515 350 3557 rum
371 3493 586 3559 substantiam
608 3491 719 3559 diffusi
749 3515 855 3579 neque
881 3469 1089 3559 neutilemate
1116 3489 1305 3558 circumdati
1332 3489 1498 3556 difficilius
1527 3512 1652 3555 veneno
1678 3492 1736 3555 illo
1762 3491 1871 3556 affice·
1983 3471 1987 3478 ’

279 3644 410 3718 rentur,
432 3649 531 3719 quam
551 3658 723 3701 nervorum
743 3637 859 3702 trunci
873 3641 880 3656 '
895 3637 944 3701 At
962 3635 1043 3702 haec
1063 3635 1186 3723 opinio,
1208 3656 1291 3719 quae
1312 3656 1353 3699 ne
1373 3631 1556 3698 verisimilis
1580 3630 1711 3715 quidem
1731 3629 1870 3713 ridetur,

279 3778 412 3864 probari
434 3777 532 3843 debet
552 3776 594 3842 ab
615 3776 656 3842 iis
677 3775 861 3862 quicunque
882 3776 1110 3844 irritabilitatis
1131 3777 1298 3844 doetrinae
1319 3751 1545 3858 adversantur,
1575 3773 1651 3840 Etsi
1672 3774 1772 3861 igitur
1786 3771 1871 3837 Hal·

276 3919 338 3985 leri
359 3919 471 4005 opinio
493 3918 621 4003 quoties
642 3919 791 4002 defensa,
812 3919 911 3985 toties
930 3919 1088 4002 militate,
1117 3941 1177 3984 nec
1197 3916 1366 4004 pristinam
1387 3917 1524 3982 formam
1544 3916 1693 4000 retinuit,
1714 3926 1873 4001 utsupra

280 4063 541 4145 commemoravi,
570 4083 632 4127 nec
657 4061 788 4128 omnino
817 4063 969 4129 firmitate
999 4060 1123 4150 gaudet
1148 4071 1255 4127 tamen
1282 4042 1314 4126 a*
1331 4082 1464 4126 summe
1490 4057 1722 4124 uerisimilitate
1750 4078 1872 4141 nequa·

279 4225 378 4288 quam
409 4202 570 4269 abhorret.
628 4201 847 4271 Nihilominus
881 4205 915 4270 in
947 4205 1175 4272 dissertatione
1196 4202 1407 4287 subsequenti
1434 4201 1602 4289 complure
1629 4200 1872 4288 perscripturus

383 4541 417 4610 ¹⁴)
436 4544 562 4600 Kolliker:
579 4547 734 4613 Phyaiolog.
751 4543 990 4611 Unterauchungen
1010 4545 1077 4598 iiber
1100 4546 1143 4597 die
1163 4545 1295 4611 Wrrhung
1315 4546 1415 4610 einiger
1433 4543 1507 4594 Giite
1525 4545 1569 4606 (in
1587 4540 1740 4592 Virchow's
1757 4537 1869 4588 Archiv.

278 4638 329 4689 Bd.
349 4640 384 4689 X.
403 4655 465 4705 pag.
486 4641 546 4690 291.

383 4725 417 4792 ¹⁵)
436 4730 605 4781 Heidentain:
622 4727 840 4794 Pbyaiologiaoha
858 4727 969 4778 Studien
986 4744 1049 4795 pag.
1070 4729 1130 4778 124.

383 4817 416 4885 ¹⁶)
435 4821 563 4872 Bmmd:
583 4823 687 4872 Lacona
697 4820 913 4886 daphysiologia.
934 4819 1011 4870 1855.
1032 4820 1189 4871 1811181118
1203 4819 1253 4868 leo.
1269 4818 1324 4869 und
1335 4817 1425 4885 Cptas.
1444 4815 1519 4867 rend.
1537 4812 1632 4864 sdauca
1646 4813 1681 4862 du
1690 4812 1706 4861 3
1716 4826 1779 4861 nor.
1793 4809 1872 4859 1858.

383 4909 417 4977 ¹²)
435 4915 467 4965 1..
487 4930 510 4966 e.
529 4913 649 4964 Kolliker.
