4696 6216
1016 775 1054 848 15

339 957 502 1042 -Utroque
530 958 659 1024 animali
682 960 810 1024 circitor
836 959 879 1027 30
896 959 971 1022 min.
992 958 1027 1022 in
1054 957 1169 1044 lagena
1189 968 1389 1039 remanente,
1418 960 1509 1043 cujus
1537 955 1732 1024 ischiadicus
1759 958 1825 1026 dis-

247 1109 463 1184 sectuserat,
486 1103 554 1187 ejus
575 1099 759 1186 peripheria
777 1098 917 1164 excitata
938 1101 1044 1185 quivis
1070 1109 1175 1164 motus
1202 1097 1446 1166 desiderabatur
1475 1124 1534 1167 nec
1555 1098 1663 1166 cordis
1684 1101 1825 1187 pulsatio

247 1241 307 1306 sub
329 1243 397 1307 cuti
418 1243 749 1323 animadvertebatur,
778 1252 846 1308 tum
867 1242 991 1329 pupula
1023 1241 1110 1306 oculi
1130 1240 1300 1306 immobilis
1322 1265 1359 1306 ac
1381 1242 1554 1329 palpebrae
1576 1243 1703 1309 clausae
1725 1257 1826 1329 erant,

244 1407 305 1449 nec
325 1385 491 1471 sanguinis
513 1392 620 1448 motus
645 1383 680 1447 in
704 1384 791 1450 vasis
812 1382 1035 1470 capillaribus,
1063 1383 1091 1450 si
1120 1406 1186 1468 qua
1212 1381 1472 1469 conspiciebatur
1497 1385 1656 1473 regularis
1677 1401 1735 1455 aut
1755 1391 1827 1456 ido·

246 1549 342 1609 neus,
364 1527 419 1611 qui
440 1526 606 1614 sanguinis
627 1524 892 1610 corpusculorum
914 1527 1156 1592 circulationem
1182 1526 1333 1591 efficeret.
1375 1525 1489 1610 Itaque
1515 1552 1593 1594 rana
1608 1535 1682 1618 jure
1701 1544 1828 1599 mortua

244 1668 441 1752 habebatur,
463 1680 560 1754 atque
581 1665 748 1733 ischiadici
769 1667 965 1735 inductionis
986 1668 1105 1734 ictibus
1126 1668 1290 1734 sollicitati
1311 1668 1472 1751 utrimque
1493 1668 1580 1735 leves
1602 1682 1725 1737 tantum
1739 1698 1826 1739 mus-

245 1811 389 1877 culorum
411 1812 639 1900 palpitationes
660 1811 858 1893 excitarunt,
881 1812 1017 1878 musculi
1044 1835 1123 1877 vero
1144 1811 1265 1875 directe
1293 1809 1410 1874 irritati
1431 1810 1634 1877 vehementer
1658 1815 1827 1879 contrahe·

245 1958 371 2021 bantur.
414 1954 588 2039 Interiecta
605 1953 756 2018 dimidiae
778 1952 876 2017 horae
897 1963 989 2039 parte
1017 1976 1189 2017 nervorum
1210 1952 1423 2017 excitabilitas
1451 1951 1557 2017 denuo
1578 1958 1746 2042 apparuit,
1770 1980 1827 2022 cor

244 2098 411 2162 manifesto
433 2098 562 2182 pulsare
585 2106 752 2182 coeperat,
774 2094 877 2158 altera
897 2093 949 2158 die
971 2117 1082 2160 omues
1104 2095 1188 2158 vires
1210 2107 1457 2180 recuperaverat
1478 2120 1565 2161 rana.
1608 2094 1708 2176 Qviorl
1730 2120 1826 2182 expe·

243 2240 414 2303 rimentum
435 2262 531 2323 quum
553 2239 631 2304 satis
653 2237 785 2316 doceat,
806 2255 924 2299 nervos
947 2235 1000 2302 hic
1021 2259 1150 2321 quoque
1170 2238 1326 2323 sanguine
1347 2263 1471 2304 veneno
1491 2238 1638 2325 praedito
1653 2237 1827 2322 debilitari,

243 2392 312 2446 turn
333 2404 372 2446 ex
392 2381 524 2445 alterius
545 2389 663 2444 eventu
683 2377 875 2463 intelligitur
896 2399 965 2442 eam
986 2402 1051 2443 uon
1071 2401 1143 2444 esse
1165 2379 1291 2442 unicam
1314 2363 1452 2445 nocendi
1471 2382 1565 2445 viam.
1612 2381 1731 2445 Verum
1754 2381 1826 2465 qui-

244 2529 316 2592 dem
338 2547 376 2590 ac
397 2523 512 2604 cuique
535 2519 736 2605 probandum
757 2517 885 2583 videtur
901 2517 988 2586 illius
1009 2522 1098 2586 nervi
1116 2520 1172 2605 qui
1198 2522 1363 2608 sanguinis
1386 2526 1471 2588 vasis
1492 2522 1639 2609 privatus
1662 2531 1732 2585 erat
1752 2544 1827 2608 par-

244 2669 330 2734 tibus
353 2666 384 2730 ei
404 2661 554 2728 affinibus
577 2664 728 2747 sejunctis
763 2661 1012 2727 irritabilitatem
1046 2672 1079 2725 et
1107 2660 1228 2728 diutius
1261 2674 1295 2728 et
1327 2664 1455 2728 facilius
1494 2673 1716 2730 conservatam
1744 2686 1827 2752 esse,

246 2834 341 2897 quam
362 2808 495 2872 alterius
512 2804 639 2884 lateris,
662 2802 720 2867 sed
742 2803 842 2868 nihilo
865 2804 969 2867 minus
991 2824 1029 2866 ea
1048 2802 1145 2886 louge
1166 2803 1288 2887 minor,
1310 2829 1405 2889 quam
1426 2805 1459 2868 in
1478 2804 1668 2870 animalibus
1689 2805 1826 2890 integris

197 3043 202 3051 Ι
244 2951 442 3020 irritabilitas
462 2946 533 3011 fuit.

347 3087 557 3174 Strycbnino,
581 3084 741 3169 Couiinio,
763 3085 918 3152 Brucinio
940 3087 1109 3151 interfecta
1130 3087 1277 3151 animalia
1293 3087 1518 3174 injectionibus
1536 3111 1638 3171 aquae
1656 3087 1826 3153 destilatac

243 3224 401 3291 faciundis
423 3225 567 3291 adhibita
587 3237 678 3310 sunt,
699 3250 759 3291 nec
785 3251 863 3292 vero
884 3239 1057 3314 antequam
1077 3251 1264 3314 persuasum
1286 3228 1450 3310 haberem,
1473 3252 1512 3292 ne
1535 3227 1822 3293 vehementissimis

160 3384 163 3388 ’
243 3367 372 3452 quidem
397 3368 514 3433 ictibus
540 3366 700 3433 electricis
726 3367 868 3434 inductis
893 3392 1011 3436 nervos
1038 3369 1158 3434 irritari
1183 3380 1250 3434 tum
1278 3370 1433 3456 potuisse.
1491 3372 1542 3434 Ac
1570 3391 1697 3454 semper
1717 3368 1826 3433 nervis

241 3511 338 3576 modo
358 3508 525 3592 dissectis,
561 3520 619 3574 aut
645 3509 723 3577 solis
744 3513 869 3599 magnis
889 3535 1040 3578 vasorum
1060 3511 1312 3598 sanguiferorum
1340 3509 1464 3575 truncis
1486 3507 1622 3593 integris
1644 3528 1746 3590 aquae
1769 3509 1825 3572 de-

243 3655 371 3720 stilatae
385 3652 573 3740 injectiones
584 3652 635 3716 vel
656 3653 745 3718 rivus
767 3653 944 3740 perductus
967 3657 1033 3720 fere
1055 3656 1194 3718 omnium
1215 3653 1432 3718 musculorum
1453 3650 1691 3716 contractiones
1706 3673 1826 3735 provo-

243 3806 372 3874 carunt,
408 3817 491 3878 quae
512 3794 685 3878 musculis,
708 3797 793 3861 vasis
815 3795 1005 3881 ossibusque
1037 3796 1190 3883 sejunctis
1217 3794 1406 3875 defuerunt,
1433 3793 1555 3858 tamdiu
1577 3817 1654 3858 vero
1676 3793 1708 3857 in
1730 3815 1826 3878 expe·

242 3936 387 4000 rimeutis
409 3936 708 4022 conspiciebantur,
731 3938 836 4003 donec
856 3939 992 4005 musculi
1010 3939 1203 4024 singularem
1223 3936 1310 4000 illam
1333 3936 1541 4023 hydropicam
1563 3945 1594 4000 et
1616 3935 1753 4021 rigidam
1768 3935 1826 3999 oh·

243 4078 404 4142 tinueraut
425 4080 582 4165 speciem,
604 4083 695 4167 cujus
716 4103 815 4167 supra
835 4081 955 4146 mentio
975 4083 1063 4145 facta
1085 4092 1142 4145 est.

347 4219 459 4284 Liceat
487 4221 564 4286 mihi
592 4224 843 4308 experimentum
869 4224 1000 4288 uberius
1027 4246 1175 4286 enarrare
1203 4221 1245 4286 ad
1274 4218 1461 4286 discendum
1496 4215 1760 4296 saluberrimum,
1790 4225 1826 4277 ut

242 4382 312 4423 mea
334 4360 397 4423 fert
417 4361 543 4444 opini0,
566 4365 764 4447 pressionem
784 4365 947 4430 minimam
968 4365 1117 4431 sufficere
1138 4364 1180 4430 ad
1200 4365 1362 4431 musculos
1385 4362 1570 4428 irritandos.
1620 4359 1712 4425 Rana
1733 4381 1826 4423 escu-

243 4501 330 4565 lenta
351 4514 505 4568 consueta
525 4503 670 4570 Brucinii
695 4506 767 4572 dosi
786 4507 920 4591 inlecta,
947 4531 1046 4593 quum
1068 4506 1236 4573 circulatio
1256 4509 1302 4571 in'
1318 4509 1401 4571 cutis
1424 4504 1632 4592 capillaribus
1654 4512 1723 4566 tum
1745 4501 1827 4564 inte-

242 4645 385 4728 gumenti
405 4655 511 4709 motus
534 4646 566 4709 in
588 4647 718 4733 regione
741 4647 848 4714 cordis
872 4650 973 4735 apicis
998 4650 1240 4716 circulationem
1262 4648 1404 4712 nondum
1425 4671 1495 4713 esse
1518 4647 1710 4713 exstinctam
1730 4644 1828 4708 doce·

244 4787 307 4849 bat
350 4787 433 4849 Tum
460 4787 567 4871 posito
595 4789 722 4857 animali
742 4794 776 4858 in
804 4792 901 4858 dorso
929 4790 1174 4877 abdominisque
1207 4789 1433 4877 integumentis
1460 4787 1577 4853 decisis
1611 4788 1645 4851 in
1679 4811 1828 4875 magnam

245 4950 356 4993 venam
378 4928 522 4994 dextram
543 4955 624 5015 quae
645 4956 684 4996 ex
704 4932 873 5020 superficie
896 4934 979 4998 inter
1000 4933 1162 4999 musculos
1188 4931 1336 5014 ducitur,
1364 4945 1461 5014 atque
1484 4929 1516 4992 in
1543 4928 1670 5014 hepatis
1697 4930 1827 5015 regione
